[
  {
    "mediaGroupImages": [
      {
        "type": "default",
        "media": {
          "px140": "https://media.docmorris.de/produkte-pzn/10192609/magnesium-diasporal-400-extra-kapseln-100-st-10192609-default-140-1662395664@2x.webp",
          "px300": "https://media.docmorris.de/produkte-pzn/10192609/magnesium-diasporal-400-extra-kapseln-100-st-10192609-default-300-1662395664@2x.webp",
          "px1000": "https://media.docmorris.de/produkte-pzn/10192609/magnesium-diasporal-400-extra-kapseln-100-st-10192609-default-1000-1662395664@2x.webp",
          "px120": "https://media.docmorris.de/produkte-pzn/10192609/magnesium-diasporal-400-extra-kapseln-100-st-10192609-default-140-1662395664@2x.webp",
          "px240": "https://media.docmorris.de/produkte-pzn/10192609/magnesium-diasporal-400-extra-kapseln-100-st-10192609-default-300-1662395664@2x.webp"
        }
      }
    ],
    "price": 33.96,
    "basePrice": "0.34 €/St",
    "productName": "Magnesium-diasporal 400 Extra Kapseln 100 St",
    "categorization": "N1",
    "code": "10192609",
    "companyName": "Protina Pharmazeutische GmbH",
    "descriptionAsHtml": "<h2> Für deine Muskeln*. Und ganz neue Ziele.    </h2>    Bei Magnesium-Diasporal 400 EXTRA handelt es sich um Kapseln  von  PROTINA PHARMAZEUTISCHE GMBH. <br> Magnesium-Diasporal<sup>®</sup> 400 EXTRA Kapseln. <br> Die Kapseln mit extra viel Magnesium: jetzt auch vegan. Die Produkte der Diasporal<sup>®</sup> EXTRA-KLASSE sind hochdosiert. Eine Kapsel pro Tag versorgt den Körper mit 400mg Magnesium und trägt so zur Deckung eines erhöhten Bedarfs bei. <br><br> *Magnesium trägt zu einer normalen Muskelfunktion bei.<br><br> Nahrungsergänzungsmittel bei erhöhtem Magnesiumbedarf <br> Die Kapseln sind geschmacksneutral  klein und damit leicht zu schlucken. Das ermöglicht eine schnelle Einnahme und macht sie zu einem praktischen Begleiter im Alltag. Die wiederverschließbare Dose ist auch für unterwegs geeignet.  <br> Magnesium-Diasporal<sup>®</sup> 400 EXTRA Kapseln sind die ideale Produktvariante für alle  die im Alltag viel in Bewegung sind.   <li> EXTRA STARK mit 400 mg Magnesium pro Kapsel <li> EXTRA PRAKTISCH in der wiederverschließbaren Dose  <li> Klein und leicht zu schlucken  <li> Nur 1 x täglich <li> Geschmacksneutral  <li> Ohne Zucker  ohne Süßstoffe <li> Ohne tierische Bestandteile - für Veganer geeignet <li> Hinweis für Diabetiker: 1 Kapsel enthält 0 BE  <li> Glutenfrei  laktosefrei <br><br> Nährstoff: Magnesiumoxid <br> Hergestellt und kontrolliert von Protina Pharm. GmbH. <br> Diasporal<sup>®</sup>. Für dein Leben in Bewegung.      <h3> Magnesium-Diasporal 400 EXTRA   - EXTRA STARK mit 400 mg Magnesium pro Kapsel  </h3> Die besonderen Inhaltsstoffe: <br>   <li>Magnesiumoxid</li><li> Hydroxypropylmethylcellulose</li><br> Falls vom Arzt nicht anders verordnet  ist Magnesium-Diasporal 400 EXTRA 1  mal  täglich zu verwenden.  <br> <br> Nahrungsergänzungsmittel sind kein Ersatz für eine ausgewogene und abwechslungsreiche Ernährung und eine gesunde Lebensweise. Die angegebene empfohlene tägliche Verzehrsmenge darf nicht überschritten werden. <br>     <br><b>Verzehrempfehlung: </b><br> 1x täglich eine Kapsel vor einer Mahlzeit einnehmen.   <br><br> <b>Anwendungshinweise: </b><br> Die angegebene tägliche Verzehrmenge darf nicht überschritten werden. Nahrungsergänzungsmittel sind kein Ersatz für eine abwechslungsreiche  ausgewogene Ernährung und eine gesunde Lebensweise. Das Produkt ist nicht für Kinder geeignet. Bitte außerhalb der Reichweite von Kindern aufbewahren. Magnesiumpräparate können bei empfindlichen Personen abführend wirken. <br>    <h3>Magnesium-Diasporal 400 EXTRA - günstig und einfach online bei DocMorris kaufen. </h3>  <br> Die Kapseln  optimalerweise trocken aufbewahren. Sie können das Produkt  soweit vom Arzt nicht anders verordnet  während einer Schwangerschaft und Stillzeit verwenden. <br>  <br> <br> <b>Weitere Hinweise: </b><br> Das Produkt ist: <br>  <li> Für Diabetiker geeignet   <li> Für eine vegane Lebensweise geeignet",
    "pharmaceuticalForm": "Kapseln",
    "quantity": "100 St",
    "inStock": true
  },
  {
    "mediaGroupImages": [
      {
        "type": "default",
        "media": {
          "px140": "https://media.docmorris.de/produkte-pzn/10746551/teufelssalbe-heiss-ensbona-200-ml-10746551-default-140-1662660546@2x.webp",
          "px300": "https://media.docmorris.de/produkte-pzn/10746551/teufelssalbe-heiss-ensbona-200-ml-10746551-default-300-1662660546@2x.webp",
          "px1000": "https://media.docmorris.de/produkte-pzn/10746551/teufelssalbe-heiss-ensbona-200-ml-10746551-default-1000-1662660546@2x.webp",
          "px120": "https://media.docmorris.de/produkte-pzn/10746551/teufelssalbe-heiss-ensbona-200-ml-10746551-default-140-1662660546@2x.webp",
          "px240": "https://media.docmorris.de/produkte-pzn/10746551/teufelssalbe-heiss-ensbona-200-ml-10746551-default-300-1662660546@2x.webp"
        }
      }
    ],
    "price": 11.02,
    "basePrice": "55.10 €/l",
    "productName": "Ensbona Teufelssalbe Heiß 200 ml",
    "categorization": "",
    "code": "10746551",
    "companyName": "Ferdinand Eimermacher GmbH & Co.KG",
    "descriptionAsHtml": "<h2> ENSBONA Teufelssalbe Heiß </h2>     Bei ENSBONA Teufelssalbe Heiß handelt es sich um eine Salbe von F. Eimermacher GmbH & Co. KG. <br> ENSBONA Teufelssalbe Heiß mit den natürlichen Extrakten aus Teufelskralle und Brennnessel sorgt für ein angenehmes und langanhaltendes Wärmegefühl  fördert Beweglichkeit und Entspannung. Die Pflegekomponenten Glycerin  Allantoin und Ringelblumenextrakt sind hautberuhigend und machen die Haut glatt und geschmeidig.     <h3> ENSBONA Teufelssalbe Heiß - Wärmt intensiv und reduziert das Schmerzempfinden </h3> Die besonderen Inhaltsstoffe: <br> <li>Teufelskralle</li><li>Brennnessel</li><li>Glycerin</li><li>Allantoin</li><li>Ringelblumenextrakt</li><li>Capsicum</li><br> <br><br> <b>Anwendungshinweise: </b><br> ENSBONA Teufelssalbe Heiß mehrmals täglich auf die betroffe nen Stellen auftragen und mit leichten Bewegungen einmassieren. <br>     <h3>ENSBONA Teufelssalbe Heiß - günstig und einfach online bei DocMorris kaufen. </h3> <br> Die Salbe optimalerweise trocken aufbewahren. Die Temperatur zur Aufbewahrung sollte maximal 25°C sein. <br> <br> <b>Warnhinweise: </b> Nicht für Kinder unter 12 Jahren geeignet. Individuell unterschiedlich starkes Wärmeempfinden. Nicht unter geschlossenen Verbänden anwenden. Nicht auf Schleimhäuten  offenen Wunden oder am Auge anwenden/ nur auf intakter Haut anwenden. Hände nach dem Auftragen gründlich waschen. Nach der Anwendung zusätzliche Wärmeeinwirkung wie Duschen  Baden oder Saunagänge vermeiden. Individuelle Intensität / Verträglichkeit vor großflächiger Anwendung auf kleinem Hautareal testen  ggf. Mit kaltem Wasser und Seife abwaschen. <br><br>",
    "pharmaceuticalForm": "Salbe",
    "quantity": "200 ml",
    "inStock": true
  },
  {
    "mediaGroupImages": [
      {
        "type": "default",
        "media": {
          "px140": "https://media.docmorris.de/produkte-pzn/10712486/magnesium-diasporal-300-mg-granulat-100-st-10712486-default-140-1662660166@2x.webp",
          "px300": "https://media.docmorris.de/produkte-pzn/10712486/magnesium-diasporal-300-mg-granulat-100-st-10712486-default-300-1662660166@2x.webp",
          "px1000": "https://media.docmorris.de/produkte-pzn/10712486/magnesium-diasporal-300-mg-granulat-100-st-10712486-default-1000-1662660166@2x.webp",
          "px120": "https://media.docmorris.de/produkte-pzn/10712486/magnesium-diasporal-300-mg-granulat-100-st-10712486-default-140-1662660166@2x.webp",
          "px240": "https://media.docmorris.de/produkte-pzn/10712486/magnesium-diasporal-300-mg-granulat-100-st-10712486-default-300-1662660166@2x.webp"
        }
      }
    ],
    "price": 31.42,
    "basePrice": "0.31 €/St",
    "productName": "Magnesium-diasporal 300mg 100 St",
    "categorization": "N3",
    "code": "10712486",
    "companyName": "Protina Pharmazeutische GmbH",
    "descriptionAsHtml": "<h2> Für lockere Muskeln. Und Tage voller Leben.    </h2>     Bei Magnesium-Diasporal 300 mg handelt es sich um Trinkgranulat  von  PROTINA PHARMAZEUTISCHE GMBH. <br> Magnesium-Diasporal<sup>®</sup> 300 mg Trinkgranulat.<br>  Körperfreundliches EXPRESS*-Magnesium: schnell  stark  effektiv<br>  Bei Magnesiummangel  der zu Muskelkrämpfen führen kann.  <br><br>  Magnesium-Diasporal<sup>®</sup> 300 mg ist das einzige Arzneimittel  das 300 mg Magnesium aus reinem Magnesiumcitrat enthält. Diese organische Verbindung ist körperfreundlich und schnell aktiv.     <li> Trinkgranulat mit 300 mg Magnesium pro Stick  <li> Leichter Orangengeschmack  <li> Nur 1 x täglich - mit 24-Stunden-Langzeiteffekt  <li> Einnahme am besten abends  <li> Ohne künstliche Süß- und Farbstoffe  enthält Sucrose (Zucker  0 2 BE) und Natrium  <li> Schnell löslich in Wasser  Tee  Saft  <li> Sprudelt nicht  <li> Ohne tierische Bestandteile - für Veganer geeignet  <li> Glutenfrei  laktosefrei  <br><br>  Wirkstoff: reines körperfreundliches Magnesiumcitrat. <br>    Apothekenpflichtiges Arzneimittel<br><br>    * Erhöhung der Magnesiumkonzentration im Blut nach 30 Minuten  im Urin nach 2 - 4 Stunden<br><br>    Trinkgranulat  optimalerweise trocken aufbewahren.    <br><br> <h3>Pflichttext: </h3><p>Magnesium-Diasporal<sup>®</sup> 300 mg  Granulat zur Herstellung einer Lösung zum Einnehmen  (Wirkstoff: Magnesiumcitrat) Anwendungsgebiet: Behandlung und Vorbeugung eines Magnesiummangels.  Enthält Saccharose (Zucker) und Natrium. Zu Risiken und Nebenwirkungen lesen Sie die Packungsbeilage und  fragen Sie Ihre Ärztin  Ihren Arzt oder in Ihrer Apotheke. Protina Pharm. GmbH  85737 Ismaning</p>  <b> Informationen zu Inhaltsstoffen und Allergenen</b> <br> Das Produkt enthält:<br>    <li> Farbstoffe     <li> Zucker (-stoffe)    <br> <br> <b>Weitere Hinweise: </b><br> Das Produkt ist: <br>    <li> Für eine vegane Lebensweise geeignet",
    "pharmaceuticalForm": "Granulat",
    "quantity": "100 St",
    "inStock": true
  },
  {
    "mediaGroupImages": [
      {
        "type": "default",
        "media": {
          "px140": "https://media.docmorris.de/produkte-pzn/02787783/sedariston-doppelpack-100-st-02787783-default-140-1662388860@2x.webp",
          "px300": "https://media.docmorris.de/produkte-pzn/02787783/sedariston-doppelpack-100-st-02787783-default-300-1662388860@2x.webp",
          "px1000": "https://media.docmorris.de/produkte-pzn/02787783/sedariston-doppelpack-100-st-02787783-default-1000-1662388860@2x.webp",
          "px120": "https://media.docmorris.de/produkte-pzn/02787783/sedariston-doppelpack-100-st-02787783-default-140-1662388860@2x.webp",
          "px240": "https://media.docmorris.de/produkte-pzn/02787783/sedariston-doppelpack-100-st-02787783-default-300-1662388860@2x.webp"
        }
      }
    ],
    "price": 25.49,
    "basePrice": "0.25 €/St",
    "productName": "Sedariston Konzentrat 100 St",
    "categorization": "N3",
    "code": "02787783",
    "companyName": "Aristo Pharma GmbH",
    "descriptionAsHtml": "<h3> Mit Sedariston zur inneren Stärke. </h3>     Bei Sedariston Konzentrat handelt es sich um Kapseln von Aristo Pharma GmbH. <br> <p>Sedariston<sup>®</sup> mit der natürlichen  pflanzlichen Formel für innere Stärke in andauernden Belastungssituationen beruhigt die Nerven  fördert den Schlaf und wird angewendet bei leichten depressiven Störungen.</p>     <h3> Sedariston Konzentrat - Beruhigt strapazierte Nerven und schirmt Stress ab </h3> Die besonderen Inhaltsstoffe: <br> <li>Johanniskraut</li><li>Baldrianwurzel</li><br> Falls vom Arzt nicht anders verordnet  ist Sedariston Konzentrat 4 mal täglich zu verwenden. <br>     <br><b>Verzehrempfehlung: </b><br> <p>2 x 2 Hartkapseln oder 4 x 1 Hartkapsel.</p> <b>Anwendungshinweise: </b><br> <p>Nehmen Sie dieses Arzneimittel immer genau wie in dieser Packungsbeilage beschrieben bzw. Genau nach der mit Ihrem Arzt oder Apotheker getroffenen Absprache ein. Kinder ab 6 Jahre nehmen 1 × 1 Hartkapsel täglich ein. Erwachsene und Heranwachsende ab 12 Jahre können 2-mal 2 Hartkapseln oder 4-mal 1 Hartkapsel einnehmen. Sofern Einschlafstörungen dominieren: Morgens 2 und abends 2 Kapseln eine gute ? Stunde vor dem Zubettgehen  am besten zur gleichen Zeit. Wir empfehlen eine kontinuierliche Anwendung bis zur deutlichen Besserung der (nervösen) Beschwerden.</p> <br>     <h3>Sedariston Konzentrat - günstig und einfach online bei DocMorris kaufen. </h3> <br> Die Kapseln optimalerweise vor direkter Sonneneinstrahlung geschützt und in der Originalverpackung  an einem trockenen Ort  an einem dunklen Ort  außerhalb der Reichweite von Kindern aufbewahren. Die Temperatur zur Aufbewahrung sollte maximal 25°C sein. <br> <br> <b>Warnhinweise: </b> <p>Packungsbeilage beachten. Bitte sprechen Sie mit Ihrem Arzt oder Apotheker  bevor Sie Sedariston<sup>®</sup> Konzentrat einnehmen. Arzneimittel  die wie Sedariston<sup>®</sup> Konzentrat Bestandteile aus Johanniskraut (Hypericum) enthalten  können mit anderen Arzneistoffen in Wechselwirkung treten und dadurch die Wirksamkeit und Verträglichkeit dieser anderen Stoffe herabsetzen. Sie sollten  falls Sie bereits Sedariston<sup>®</sup> Konzentrat anwenden  hierüber Ihren Arzt informieren  wenn er Ihnen ein weiteres Medikament verordnet oder wenn Sie selbst ein in der Apotheke erhältliches verschreibungsfreies anderes Arzneimittel zusätzlich einnehmen wollen. Kinder: Wegen nicht ausreichender Untersuchungen soll das Arzneimittel bei Kindern unter 6 Jahren nicht angewendet werden.</p> <br><br> <br> <b> Informationen zu Inhaltsstoffen und Allergenen</b> <br> Das Produkt enthält:<br> <li> Farbstoffe <li> Gelatine <li> Gluten <li> Laktose <li> Soja <br> <br> <b>Weitere Hinweise: </b><br> Das Produkt ist: <br> <li> Für Diabetiker geeignet <li>Aus rein pflanzlichen Inhaltsstoffen produziert",
    "pharmaceuticalForm": "Hartkapseln",
    "quantity": "100 St",
    "inStock": true
  },
  {
    "mediaGroupImages": [
      {
        "type": "default",
        "media": {
          "px140": "https://media.docmorris.de/produkte-pzn/04465138/soventol-hydrocort-0-5-creme-30-g-04465138-default-140-1688414552@2x.webp",
          "px300": "https://media.docmorris.de/produkte-pzn/04465138/soventol-hydrocort-0-5-creme-30-g-04465138-default-300-1688414552@2x.webp",
          "px1000": "https://media.docmorris.de/produkte-pzn/04465138/soventol-hydrocort-0-5-creme-30-g-04465138-default-1000-1688414552@2x.webp",
          "px120": "https://media.docmorris.de/produkte-pzn/04465138/soventol-hydrocort-0-5-creme-30-g-04465138-default-140-1688414552@2x.webp",
          "px240": "https://media.docmorris.de/produkte-pzn/04465138/soventol-hydrocort-0-5-creme-30-g-04465138-default-300-1688414552@2x.webp"
        }
      }
    ],
    "price": 13.57,
    "basePrice": "452.33 €/kg",
    "productName": "Soventol Hydrocort 0.5% Creme 30 g",
    "categorization": "N1",
    "code": "04465138",
    "companyName": "MEDICE Arzneimittel Pütter GmbH&Co.KG",
    "descriptionAsHtml": "<p>Soventol<sup>®</sup> HydroCort 0 5% Creme ist eine zuverlässige Hilfe bei ausgeprägten und chronisch-entzündlichen Hautproblemen wie Hautallergien  Ekzemen oder leichten Formen von Neurodermitis. Der Wirkstoff Hydrocortison in der Creme bietet effektive entzündungshemmende Eigenschaften und hilft langanhaltend dank eines speziellen Wirkstoff-Depots.</p>    <p>Die Creme enthält eine angenehm pflegende und rückfettende Cremegrundlage in Form einer Öl-in-Wasser-Creme. Diese unterstützt die Regeneration trockener und gereizter Haut. Die Formulierung ist frei von Alkohol und Duftstoffen  wodurch sie auch für sensible und besonders trockene Haut geeignet ist.</p>    <p>Der Wirkstoff Hydrocortison in der Creme hat vielfältige positive Effekte. Er wirkt antiallergisch  entzündungshemmend und juckreizstillend. Bei allergischen Hautreaktionen und entzündlichen Hauterkrankungen hat sich die äußerliche Anwendung von Hydrocortison bewährt. Bereits in geringer Dosierung kann Hydrocortison Juckreiz  Rötung und Entzündungen lindern.</p>    <p>Es ist jedoch wichtig zu beachten  dass Hydrocortison eine verschreibungspflichtige Substanz ist und die Anwendung der Creme den Anweisungen und Empfehlungen des Arztes oder der Packungsbeilage folgen sollte. Bei schweren oder chronischen Hautproblemen sollte immer ein Arzt konsultiert werden.</p>    <p>Soventol<sup>®</sup> HydroCort 0 5% Creme bietet eine zuverlässige Hilfe bei entzündlichen Hautproblemen und hilft  die Haut zu beruhigen  zu regenerieren und Entzündungen zu reduzieren.</p>    <h3>Pflichttext:</h3>  <p> Soventol HydroCort 0 5% 5 mg/g Creme. Anwendungsgebiete:  Zur Behandlung von allen Hauterkrankungen  die auf eine Behandlung mit Corticoiden ansprechen  wie z. B. entzündliche  allergische oder juckende Dermatosen (Hautentzündungen  Ekzeme).  Warnhinweise:  Enthält unter anderem Sorbinsäure  Kaliumsorbat  Cetylstearylalkohol  Natriumdodecylsulfat und Propylenglykol. Zu Risiken und Nebenwirkungen lesen Sie die Packungsbeilage und fragen Sie Ihre Ärztin  Ihren Arzt oder in Ihrer Apotheke.  Stand 07/2022.  MEDICE Arzneimittel  58638 Iserlohn</p>",
    "pharmaceuticalForm": "Creme",
    "quantity": "30 g",
    "inStock": true
  },
  {
    "mediaGroupImages": [
      {
        "type": "default",
        "media": {
          "px140": "https://media.docmorris.de/produkte-pzn/02134443/asche-basis-creme-100-ml-02134443-default-140-1662758413@2x.webp",
          "px300": "https://media.docmorris.de/produkte-pzn/02134443/asche-basis-creme-100-ml-02134443-default-300-1662758413@2x.webp",
          "px1000": "https://media.docmorris.de/produkte-pzn/02134443/asche-basis-creme-100-ml-02134443-default-1000-1662758413@2x.webp",
          "px120": "https://media.docmorris.de/produkte-pzn/02134443/asche-basis-creme-100-ml-02134443-default-140-1662758413@2x.webp",
          "px240": "https://media.docmorris.de/produkte-pzn/02134443/asche-basis-creme-100-ml-02134443-default-300-1662758413@2x.webp"
        }
      }
    ],
    "price": 16.7,
    "basePrice": "167.00 €/l",
    "productName": "Asche Basis Creme 100 ml",
    "categorization": "",
    "code": "02134443",
    "companyName": "Chiesi GmbH",
    "descriptionAsHtml": "Schützt die Haut und fördert ihre Regeneration. </br>Die Asche Basis Creme ist eine hochwertige Öl-in-Wasser-Emulsion  geeignet für die empfindliche und zu Allergien neigende Haut. Die Creme ist Gesichts- und Körperpflege für die stark strapazierte und normale Haut und ist ausgezeichnet hautverträglich.",
    "pharmaceuticalForm": "Creme",
    "quantity": "100 ml",
    "inStock": true
  },
  {
    "mediaGroupImages": [
      {
        "type": "default",
        "media": {
          "px140": "https://media.docmorris.de/produkte-pzn/13579384/silymarin-stada-forte-hartkapseln-100-st-13579384-default-140-1666100289@2x.webp",
          "px300": "https://media.docmorris.de/produkte-pzn/13579384/silymarin-stada-forte-hartkapseln-100-st-13579384-default-300-1666100289@2x.webp",
          "px1000": "https://media.docmorris.de/produkte-pzn/13579384/silymarin-stada-forte-hartkapseln-100-st-13579384-default-1000-1666100289@2x.webp",
          "px120": "https://media.docmorris.de/produkte-pzn/13579384/silymarin-stada-forte-hartkapseln-100-st-13579384-default-140-1666100289@2x.webp",
          "px240": "https://media.docmorris.de/produkte-pzn/13579384/silymarin-stada-forte-hartkapseln-100-st-13579384-default-300-1666100289@2x.webp"
        }
      }
    ],
    "price": 52.02,
    "basePrice": "0.52 €/St",
    "productName": "Silymarin Stada Forte Hartkapseln 100 St",
    "categorization": "N3",
    "code": "13579384",
    "companyName": "STADA Consumer Health Deutschland GmbH",
    "descriptionAsHtml": "<h3> Natürliche Unterstützung für die Leber </h3>      Bei Silymarin STADA forte handelt es sich um Kapseln von STADA GMBH. <br> <p><b>NATÜRLICHE UNTERSTÜTZUNG FÜR DIE LEBER</b></p> <p>Eine gesunde  funktionsfähige Leber ist für den gesamten Organismus sehr wichtig. Mit einem Gewicht von ca. 1.500 g ist sie die größte Drüse des Körpers und ein wichtiges Stoffwechselorgan. Verschiedene Faktoren stören jedoch die empfindlichen Leberzellen und ihre Funktion  darunter insbesondere Genussgifte  wie Alkohol  übermäßig zucker- und fetthaltige Nahrung sowie bestimmte Medikamente. Silymarin STADA<sup>®</sup>forte  ein Trockenextrakt aus Mariendistelfrüchten  hilft die Leberzellen vor Giften zu schützen und die Neubildung von Leberzellen anzuregen.</p>      <h3> Silymarin STADA forte - Stimuliert die Neubildung von Leberzellen </h3> <br><br> <b>Anwendungshinweise: </b><br> <p>Nehmen Sie dieses Arzneimittel immer genau wie in der Packungsbeilage beschrieben bzw. Genau nach der mit Ihrem Arzt oder Apotheker getroffenen Absprache ein. Fragen Sie bei Ihrem Arzt oder Apotheker nach  wenn Sie sich nicht sicher sind.</p> <p>Die empfohlene Dosis beträgt:</p> <p>Erwachsene 1- bis 2-mal täglich 1 Kapsel (Mariendistelfrüchte-Trockenextrakt entsprechend 167 bzw. 334 mg Silymarin).</p> <br>      <h3>Silymarin STADA forte - günstig und einfach online bei DocMorris kaufen. </h3> <br> <b> Informationen zu Inhaltsstoffen und Allergenen</b> <br> Das Produkt enthält:<br> <li> Farbstoffe <li> Laktose <li> Soja <li> Zucker (-stoffe) <br> <br> <b>Weitere Hinweise: </b><br> Das Produkt ist: <br> <li>Aus rein pflanzlichen Inhaltsstoffen produziert<br><br>  <h3>Pflichttext:</h3>  <p><b>Silymarin STADA<sup>®</sup> Hartkapseln /-forte Hartkapseln</b><br>  Zur Anwendung bei Erwachsenen.<br>  <b>Wirkstoff:</b>Mariendistelfrüchte-Trockenextrakt standardisiert auf 117 mg/167 mg Silymarin. Zur unterstützenden Behandlung bei chronisch-entzündlichen Lebererkrankungen  Leberzirrhose und toxischen (durch Lebergifte verursachten) Leberschäden. Das Arzneimittel ist nicht zur Behandlung von akuten Vergiftungen geeignet. <b>Hinweis:</b> Enthält Methyl- und Propyl-4-hydroxybenzoat  Sorbitol  Propylenglycol  Benzylalkohol und Natrium.</p>    <p><b>Zulassungsinhaber:</b> STADAPHARM GmbH  Stadastraße 2-18  61118 Bad Vilbel<br>  <b>Vertrieb:</b> STADA Consumer Health Deutschland GmbH  Stadastraße 2-18  61118 Bad Vilbel</p>    <p>STADA Consumer Health Deutschland GmbH  Stadastraße 2-18  61118 Bad Vilbel<br>  <b>Stand:</b> November 2020</p>",
    "pharmaceuticalForm": "Hartkapseln",
    "quantity": "100 St",
    "inStock": true
  },
  {
    "mediaGroupImages": [
      {
        "type": "default",
        "media": {
          "px140": "https://media.docmorris.de/produkte-pzn/06560987/doppelherz-augen-plus-sehkraft-schutz-sy-120-st-06560987-default-140-1711742508@2x.webp",
          "px300": "https://media.docmorris.de/produkte-pzn/06560987/doppelherz-augen-plus-sehkraft-schutz-sy-120-st-06560987-default-300-1711742508@2x.webp",
          "px1000": "https://media.docmorris.de/produkte-pzn/06560987/doppelherz-augen-plus-sehkraft-schutz-sy-120-st-06560987-default-1000-1711742508@2x.webp",
          "px120": "https://media.docmorris.de/produkte-pzn/06560987/doppelherz-augen-plus-sehkraft-schutz-sy-120-st-06560987-default-140-1711742508@2x.webp",
          "px240": "https://media.docmorris.de/produkte-pzn/06560987/doppelherz-augen-plus-sehkraft-schutz-sy-120-st-06560987-default-300-1711742508@2x.webp"
        }
      }
    ],
    "price": 32.26,
    "basePrice": "0.27 €/St",
    "productName": "Doppelherz Augen Plus Sehkraft+schutz Syst. Kps. 120 St",
    "categorization": "",
    "code": "06560987",
    "companyName": "Queisser Pharma GmbH & Co. KG",
    "descriptionAsHtml": "<h2>Doppelherz system Augen Plus Sehkr.+Schutz  von Queisser Pharma GmbH</h2>Für die Gesundheit der Augen spielen verschiedene Faktoren eine Rolle. Hierzu zählt auch eine gute Versorgung mit Nährstoffen. Diese Vitamine und Spurenelemente kann der Körper nicht selbst bilden - sie müssen daher regelmäßig mit der Nahrung zugeführt werden.   AUGEN PLUS SEHKRAFT+SCHUTZ+TRÄNENFILM-FORMEL von Doppelherz system enthält in zwei Kapseln ? ausgesuchte Vitamine und Spurenelemente ? mehrfach ungesättigte Fettsäuren für die Nährstoffversorgung der Augen.  Die Kapseln enthalten zusätzlich 15 mg Lutein + 1 mg Zeaxanthin und die Omega-6 Fettsäure Gamma-Linolensäure.  Der Tränenfilm - für das Wohlbefinden der Augen unverzichtbar Auch eine normale Tränenbildung ist für die Augenfunktion wichtig. Der Tränenfilm verhindert beispielsweise eine Austrocknung der Hornhaut und beseitigt Fremdkörper durch Ausschwemmen. Der Tränenfilm versorgt auch die Hornhaut unseres Auges mit Nährstoffen - der Tränenfilm dient sozusagen als Transportmedium für die Nährstoffe  die die Hornhaut braucht.",
    "pharmaceuticalForm": "Kapseln",
    "quantity": "120 St",
    "inStock": true
  },
  {
    "mediaGroupImages": [
      {
        "type": "default",
        "media": {
          "px140": "https://media.docmorris.de/produkte-pzn/17507772/roche-posay-toleriane-dermallergo-augen-20-ml-17507772-default-140-1683663759@2x.webp",
          "px300": "https://media.docmorris.de/produkte-pzn/17507772/roche-posay-toleriane-dermallergo-augen-20-ml-17507772-default-300-1683663759@2x.webp",
          "px1000": "https://media.docmorris.de/produkte-pzn/17507772/roche-posay-toleriane-dermallergo-augen-20-ml-17507772-default-1000-1683663759@2x.webp",
          "px120": "https://media.docmorris.de/produkte-pzn/17507772/roche-posay-toleriane-dermallergo-augen-20-ml-17507772-default-140-1683663759@2x.webp",
          "px240": "https://media.docmorris.de/produkte-pzn/17507772/roche-posay-toleriane-dermallergo-augen-20-ml-17507772-default-300-1683663759@2x.webp"
        }
      }
    ],
    "price": 21.75,
    "basePrice": "1087.50 €/l",
    "productName": "Roche-posay Dermallergo Augen 20 ml",
    "categorization": "",
    "code": "17507772",
    "companyName": "L'Oreal Deutschland GmbH",
    "descriptionAsHtml": "<h2>   La Roche-Posay Toleriane Dermallergo Augen </h2>     Bei La Roche-Posay Toleriane Dermallergo Augen handelt es sich um eine Creme  von  L Oreal Deutschland GmbH. <br> TOLERIANE Dermallergo Augen für empfindliche und zu Allergien neigende Augenpartien<br>  Die La Roche Posay TOLERIANE Augencreme ist eine regenerierende Augenpflege  die intensive Feuchtigkeit spendet und Hautirritationen  Rötungen sowie geschwollenen Augen entgegenwirkt. Zusätzlich unterstützt sie das Mikrobiom der Haut und stärkt die Hautschutzbarriere.   <br><br>  Augencreme mit sanfter Formel<br>  Die regenerierende TOLERIANE Augencreme beruhigt empfindliche Augenpartien mit Thermalwasser  Niacinamid und Neurosensinen  während probiotisches Sphingobioma das Gleichgewicht des Mikrobioms fördert. Ihre Formel verzichtet auf Duftstoffe und Alkohole und ist daher auch für zu Allergien neigende Haut geeignet.       <h3> La Roche-Posay Toleriane Dermallergo Augen   - Regeneriert & hydratisiert trockene & empfindliche Augenkonturen  </h3>    <br><br> <b>Anwendungshinweise: </b><br> Die TOLERIANE La Roche Posay Augencreme jeden Morgen und Abend nach der Reinigung auf die Augenpartie auftragen. Eine kleine Menge der Augenpflege auf die Fingerspitze geben und die Creme vorsichtig auf Augenlider und Augenkonturen tupfen. Die Creme sanft vom inneren Augenwinkel nach außen verstreichen. Dank des ultra-hermetischen Pumpspenders lässt sich die Augencreme für empfindliche Augen besonders leicht entnehmen und dosieren. <br> Das Produkt eignet sich besonders für: Allergische Haut. <br>     <h3>La Roche-Posay Toleriane Dermallergo Augen - günstig und einfach online bei DocMorris kaufen. </h3>    <br>  <b>Warnhinweise: </b> Nur zur äußerlichen Anwendung. <br><br>",
    "pharmaceuticalForm": "Creme",
    "quantity": "20 ml",
    "inStock": true
  },
  {
    "mediaGroupImages": [
      {
        "type": "default",
        "media": {
          "px140": "https://media.docmorris.de/produkte-pzn/00729971/calcium-sandoz-sun-brausetabletten-20-st-00729971-default-140-1662757156@2x.webp",
          "px300": "https://media.docmorris.de/produkte-pzn/00729971/calcium-sandoz-sun-brausetabletten-20-st-00729971-default-300-1662757156@2x.webp",
          "px1000": "https://media.docmorris.de/produkte-pzn/00729971/calcium-sandoz-sun-brausetabletten-20-st-00729971-default-1000-1662757156@2x.webp",
          "px120": "https://media.docmorris.de/produkte-pzn/00729971/calcium-sandoz-sun-brausetabletten-20-st-00729971-default-140-1662757156@2x.webp",
          "px240": "https://media.docmorris.de/produkte-pzn/00729971/calcium-sandoz-sun-brausetabletten-20-st-00729971-default-300-1662757156@2x.webp"
        }
      }
    ],
    "price": 9.18,
    "basePrice": "0.46 €/St",
    "productName": "Calcium-sandoz Sun 20 St",
    "categorization": "",
    "code": "00729971",
    "companyName": "Hexal AG",
    "descriptionAsHtml": "<h2>   Calcium-Sandoz Sun Brausetabletten </h2>    Bei Calcium-Sandoz Sun Brausetabletten handelt es sich um Brausetabletten  von  Hexal AG. <br>  <b>Für einen guten Start in den Sommer</b><br> Besonders nach den langen Wintermonaten können wir es kaum erwarten  endlich wieder Sonne zu genießen. Doch Vorsicht: Nach sonnenarmen Zeiten kann starke UV­Bestrahlung zu Reizungen der sonnenentwöhnten Haut führen. Sonne verwöhnt uns mit wohltuender Wärme und Licht  setzt die Haut jedoch gleichzeitig starken Belastungen aus  da unter Sonneneinwirkung vermehrt freie Radikale in der Haut entstehen. Dieser oxidative Stress führt unter anderem zu einer Beschleunigung der natürlichen Hautalterung. Ein erhöhter antioxidativer Schutz der Haut ist deshalb besonders im Sommer oder bei starker Sonneneinwirkung empfehlenswert.<br> Für eine schöne und gesunde Haut ist der Schutz vor oxidativem Stress also wichtig. Für die gute Versorgung der Haut werden Mineralien wie Calcium und Vitamine benötigt. Als Nahrungsergänz­ungsmittel unterstützen Calcium Sandoz<sup>®</sup> Sun Brausetabletten durch ihren Calciumgehalt und den Vitaminen C und E den Schutz der Haut bei Belastung durch die Sonne.<br><br>  <b>Mit Calcium  Vitamin C und E sowie Beta-Carotin</b><br> Zum Schutz vor Irritationen und Anzeichen vorzeitiger Hautalterung empfiehlt sich eine schrittweise Gewöhnung der Haut an die Sonne und die Verwendung von Sonnenschutz. Eine ausreichende Versorgung mit Calcium und Vitaminen kann die Haut zusätzlich von innen schützen. Für eine gesunde Ernährung sind diese Nährstoffe grundsätzlich wichtig. Calcium­Sandoz<sup>®</sup> Sun Brausetabletten versorgen den Körper mit zusätzlichen Vitaminen und dem Mineralstoff Calcium  die dabei helfen können  die Zellen zu schützen: Calcium ist wichtig für die Zellteilung  aber auch für unsere Knochen. Calcium stabilisiert die Zellmembranen und trägt zu einem normalen Energiestoffwechsel bei. Darüber hinaus trägt Calcium zur Erhaltung normaler Knochen bei und kann bei ausreichender Zufuhr Osteoporose vorbeugen. Antioxidantien wie Vitamin C und E dienen dem Schutz vor freien Radikalen. Das Provitamin Beta­Carotin ist wichtig für die Erhaltung gesunder  schöner Haut. Tipp: Schon zwei Wochen vor dem Urlaub oder dem ersten intensiven Sonnenbad auf die Sonne vorbe­ reiten.      <h3> Calcium-Sandoz Sun Brausetabletten   - Zur Erhaltung einer gesunden Haut  </h3> Die besonderen Inhaltsstoffe: <br>   <li>Calcium</li><br> <br><br> <b>Anwendungshinweise: </b><br> Erwachsene trinken täglich 1 Brausetablette Calcium­Sandoz<sup>®</sup> Sun.<br> Eine Brausetablette wird in 200 ml Wasser gegeben  wo sie sich rasch und vollständig auflöst.<br> Mit der Einnahme sollte zwei Wochen vor dem Urlaub oder dem ersten intensiven Sonnenbad begonnen werden. <br>    <h3>Calcium-Sandoz Sun Brausetabletten - günstig und einfach online bei DocMorris kaufen. </h3>",
    "pharmaceuticalForm": "Brausetabletten",
    "quantity": "20 St",
    "inStock": true
  },
  {
    "mediaGroupImages": [
      {
        "type": "default",
        "media": {
          "px140": "https://media.docmorris.de/produkte-pzn/14412137/naproxen-axicur-250-mg-tabletten-30-st-14412137-default-140-1662682236@2x.webp",
          "px300": "https://media.docmorris.de/produkte-pzn/14412137/naproxen-axicur-250-mg-tabletten-30-st-14412137-default-300-1662682236@2x.webp",
          "px1000": "https://media.docmorris.de/produkte-pzn/14412137/naproxen-axicur-250-mg-tabletten-30-st-14412137-default-1000-1662682236@2x.webp",
          "px120": "https://media.docmorris.de/produkte-pzn/14412137/naproxen-axicur-250-mg-tabletten-30-st-14412137-default-140-1662682236@2x.webp",
          "px240": "https://media.docmorris.de/produkte-pzn/14412137/naproxen-axicur-250-mg-tabletten-30-st-14412137-default-300-1662682236@2x.webp"
        }
      }
    ],
    "price": 12.55,
    "basePrice": "0.42 €/St",
    "productName": "Naproxen Axicur 250 Mg Tabletten 30 St",
    "categorization": "N2",
    "code": "14412137",
    "companyName": "axicorp Pharma GmbH",
    "descriptionAsHtml": "<h2>   Naproxen axicur 250 mg </h2>     Bei Naproxen axicur 250 mg handelt es sich um Tabletten  von  axicorp Pharma GmbH. <br> Bei Regelschmerzen und Fieber<br>  Der bewährte Wirkstoff Naproxen ist ein Schmerzmittel  das zu den nicht-steroidalen Antirheumatika (NSAR) gezählt wird. Es wird zur Schmerzlinderung und Fiebersenkung eingesetzt.  Naproxen axicur<sup>®</sup> wird kurzzeitig angewendet bei leichten bis mäßig starken Schmerzen wie Regelschmerzen  Kopf- und Zahnschmerzen.  <li>\tDeutsche Herstellung  <li>\tSchmerzstillend bei Regelschmerzen und Begleitsymptomen  <li>\tAb dem 12. Lebensjahr anwendbar       <h3> Naproxen axicur 250 mg   - Schmerzstillend bei Regelschmerzen und Begleitsymptomen  </h3> Die besonderen Inhaltsstoffe: <br>   <li>Naproxen</li><br>      <br><b>Verzehrempfehlung: </b><br> Nehmen Sie die Tabletten bitte unzerkaut mit reichlich Flüssigkeit (z. B. einem Glas Wasser) möglichst vor dem Essen ein. Dies fördert den Wirkungseintritt. Für Patienten  die einen emp ndlichen Magen haben  emp ehlt es sich  Naproxen axicur 250 mg Tabletten während der Mahlzeiten einzunehmen.  <br><br> <b>Anwendungshinweise: </b><br> Nehmen Sie Naproxen axicur 250 mg Tabletten ohne ärztlichen oder zahnärztlichen Rat nicht länger als 4 Tage ein. Patienten mit eingeschränkter Leber- oder Nierenfunktion sollen Ihren Arzt zur Dosierung befragen. <br>     <h3>Naproxen axicur 250 mg - günstig und einfach online bei DocMorris kaufen. </h3>    <br> Die Tabletten  optimalerweise In der Originalverpackung lagern  um den Inhalt vor Licht zu schützen. und In der Originalverpackung lagern  um den Inhalt vor Licht zu schützen. aufbewahren.    <br>  <b>Warnhinweise: </b> Nehmen Sie Naproxen axicur 250 mg Tabletten ohne ärztlichen oder zahnärztlichen Rat nicht länger als 4 Tage ein. Patienten mit eingeschränkter Leber- oder Nierenfunktion sollen Ihren Arzt zur Dosierung befragen.   <br><br>    <b> Informationen zu Inhaltsstoffen und Allergenen</b> <br> Das Produkt enthält:<br>    <li> Farbstoffe     <li> Laktose     <li> Soja    <li> Zucker (-stoffe)  <br><br>  <h3>Pflichttext:</h3>  <b>Naproxen axicur<sup>®</sup> 250 mg Tabletten</b><br>  <b>Anwendungsgebiete:</b> Schmerzstillendes  fiebersenkendes und entzündungshemmendes  Arzneimittel (nicht-steroidales Antirheumatikum/Antiphlogistikum  NSAR). Anwendung zur  kurzzeitigen symptomatischen Behandlung von leichten bis mäßig starken Schmerzen  wie  Regelschmerzen  Kopfschmerzen  Zahnschmerzen und Fieber. Enthält Lactose.  Packungsbeilage beachten. Bei Schmerzen oder Fieber ohne ärztlichen Rat nicht länger  anwenden als in der Packungsbeilage vorgegeben. <b>Zu Risiken und Nebenwirkungen lesen  Sie die Packungsbeilage und fragen Sie Ihren Arzt oder Apotheker.</b> axicorp Pharma  GmbH  61381 Friedrichsdorf. Stand: November 2022",
    "pharmaceuticalForm": "Tabletten",
    "quantity": "30 St",
    "inStock": true
  },
  {
    "mediaGroupImages": [
      {
        "type": "default",
        "media": {
          "px140": "https://media.docmorris.de/produkte-pzn/00737396/frubiase-sport-brausetabletten-20-st-00737396-default-140-1662374589@2x.webp",
          "px300": "https://media.docmorris.de/produkte-pzn/00737396/frubiase-sport-brausetabletten-20-st-00737396-default-300-1662374589@2x.webp",
          "px1000": "https://media.docmorris.de/produkte-pzn/00737396/frubiase-sport-brausetabletten-20-st-00737396-default-1000-1662374589@2x.webp",
          "px120": "https://media.docmorris.de/produkte-pzn/00737396/frubiase-sport-brausetabletten-20-st-00737396-default-140-1662374589@2x.webp",
          "px240": "https://media.docmorris.de/produkte-pzn/00737396/frubiase-sport-brausetabletten-20-st-00737396-default-300-1662374589@2x.webp"
        }
      }
    ],
    "price": 14.71,
    "basePrice": "0.74 €/St",
    "productName": "Frubiase Sport 20 St",
    "categorization": "",
    "code": "00737396",
    "companyName": "STADA Consumer Health Deutschland GmbH",
    "descriptionAsHtml": "<h3> Dein Partner beim Sport </h3>     Bei FRUBIASE SPORT Orange Brausetabletten handelt es sich um Brausetabletten von STADA GMBH. <br> <p><b>ZUR UNTERSTÜTZUNG BEI SPORTLICHEN AKTIVITÄTEN</b></p> <p>Viel Sport und Bewegung steigern den Mikronährstoffbedarf. Außerdem gehen beim Schwitzen Salze und Mineralstoffe verloren. Frubiase<sup>®</sup> SPORT gibt dem Körper zurück  was er beim Sport verbraucht und deckt den erhöhten Bedarf mit einer hochdosierten Kombination aus Mineralstoffen  Vitaminen und Spurenelementen. Es enthält u.A. Für Sportler wichtiges Magnesium<sup>1</sup>  Vitamin D3<sup>2</sup> sowie wertvolle B-Vitamine<sup>3</sup>.</p> <p><b>GUT ZU WISSEN</b></p> <ul><li> Hochdosierte Kombination aus Mineralstoffen  Vitaminen und Spurenelementen</li> <li> frubiase<sup>®</sup> SPORT Brausetabletten schmecken angenehm nach Orange oder Waldfrucht</li> <li> Gut versorgt mit einer Brausetablette täglich vor  während oder nach dem Sport</li> <li> In Zusammenarbeit mit der Deutschen Sporthochschule Köln entwickelt</li></ul> <p><b>WEITERFÜHRENDE INFORMATIONEN</b></p> <p>Ohne Mikronährstoffe können viele Stoffwechselprozesse im Körper nicht optimal ablaufen. Frubiase<sup>®</sup> SPORT Brausetabletten tragen beim Sport zur Verringerung von Müdigkeit und Ermüdung sowie zu Muskelfunktion und Energiestoffwechsel bei. Zusätzlich wird das Elektrolytgleichgewicht unterstützt. Gut versorgt mit nur einer Brausetablette täglich. Frubiase<sup>®</sup> SPORT Brausetabletten sind laktose-  gluten- und zuckerfrei<sup>4</sup>.</p> <p><sup>1</sup>Magnesium trägt zu einer normalen Muskelfunktion bei <p><sup>2</sup>Vitamin D trägt zur Erhaltung einer normalen Muskelfunktion bei <p><sup>3</sup>Vitamin B6 trägt zu einem normalen Energiestoffwechsel bei <p><sup>4</sup> mit einem Zuckerersatz  gewonnen aus der Stevia-Pflanze</p>     <h3> FRUBIASE SPORT Orange Brausetabletten - Hochdosierte Kombination aus Mineralstoffen  Vitaminen und Spurenelementen </h3> <b>Anwendungshinweise: </b><br> <p>1 x täglich 1 Brausetablette in einem Glas Wasser auflösen und trinken.</p> <br>     <h3>FRUBIASE SPORT Orange Brausetabletten - günstig und einfach online bei DocMorris kaufen. </h3> <br> <br> <b>Weitere Hinweise: </b><br> Das Produkt ist: <br> <li> Für Diabetiker geeignet",
    "pharmaceuticalForm": "Brausetabletten",
    "quantity": "20 St",
    "inStock": true
  },
  {
    "mediaGroupImages": [
      {
        "type": "default",
        "media": {
          "px140": "https://media.docmorris.de/produkte-pzn/08868241/kneipp-arnika-salbe-s-100-g-08868241-default-140-1706558605@2x.webp",
          "px300": "https://media.docmorris.de/produkte-pzn/08868241/kneipp-arnika-salbe-s-100-g-08868241-default-300-1706558605@2x.webp",
          "px1000": "https://media.docmorris.de/produkte-pzn/08868241/kneipp-arnika-salbe-s-100-g-08868241-default-1000-1706558605@2x.webp",
          "px120": "https://media.docmorris.de/produkte-pzn/08868241/kneipp-arnika-salbe-s-100-g-08868241-default-140-1706558605@2x.webp",
          "px240": "https://media.docmorris.de/produkte-pzn/08868241/kneipp-arnika-salbe-s-100-g-08868241-default-300-1706558605@2x.webp"
        }
      }
    ],
    "price": 7.18,
    "basePrice": "71.80 €/kg",
    "productName": "Kneipp Arnika Salbe S 100 g",
    "categorization": "",
    "code": "08868241",
    "companyName": "Kneipp GmbH",
    "descriptionAsHtml": "<h2>   Kneipp Arnika Salbe S </h2>    Bei Kneipp Arnika Salbe S handelt es sich um eine Creme  von  Kneipp GmbH. <br> Pflichtinformationen<br> Kneipp<sup>®</sup> Arnika Salbe S. Wirkstoff: Arnikablütenauszug 10 g / 100 g. Creme zur Anwendung für Erwachsene und Heranwachsende ab 12 Jahren. Zur äußerlichen Anwendung bei Verletzungs- und Unfallfolgen  z.B. bei Blutergüssen (Hämatomen)  Verstauchungen (Distorsionen)  Prellungen  Quetschungen  Wasseransammlungen im Gewebe infolge von Knochenbrüchen (Frakturödemen)  bei rheumatischen Muskel- und Gelenkbeschwerden und Entzündungen als Folge von Insektenstichen. Enthält Benzylalkohol  Cetylstearylalkohol/Cetylalkohol und entölte Phospholipide aus Sojabohnen. Zu Risiken und Nebenwirkungen lesen Sie die Packungsbeilage und fragen Sie Ihren Arzt oder Apotheker. Kneipp<sup>®</sup> Arnika Salbe S ist ein pflanzliches Arzneimittel zur äußerlichen Behandlung stumpfer Verletzungen und von Muskel- und Gelenkschmerzen.<br> Wirkstoff: öliger Arnikablütenauszug 10 g/100 g<br> Creme zur Anwendung für Erwachsene und Heranwachsende ab 12 Jahren. <br><br> Kneipp<sup>®</sup> Arnika Salbe S enthält den Wirkstoff öliger Auszug aus Arnikablüten. Bei der Herstellung werden die nativen fettlöslichen Inhaltsstoffe verfügbar gemacht. Die leicht rückfettende Creme zieht gut in die Haut ein. Kneipp<sup>®</sup> Arnika Salbe S kann bei Bedarf auch über längere Anwendungszeiträume mehrfach täglich angewendet werden.      <h3> Kneipp Arnika Salbe S   - Pflanzliches Arzneimittel  </h3> Die besonderen Inhaltsstoffe: <br>   <li>Arnikablütenauszug</li><br> <br><br> <b>Anwendungshinweise: </b><br> Erwachsene und Heranwachsende ab 12 Jahren tragen bei Bedarf Kneipp<sup>®</sup> Arnika Salbe S mehrmals täglich mit leichter Streichmassage auf die Haut auf. Verwenden Sie z.B. für die Fläche eines Unterschenkels einen ca. 8 cm langen Cremestrang  für größere oder kleinere Flächen entsprechend mehr oder weniger. Bei akuten Entzündungen nicht einmassieren  sondern Cremeumschlag mit messerrückendickem Cremeauftrag verwenden. Beim Auftragen kann sich zunächst ein weißer Film bilden  der bei weiterem Einreiben verschwindet. Die Aufbewahrung von Kneipp<sup>®</sup> Arnika Salbe S im Kühlschrank verstärkt die kühlende Wirkung. <br>    <h3>Kneipp Arnika Salbe S - günstig und einfach online bei DocMorris kaufen. </h3> Die Creme hat eine weiße Farbe  .   <br> Die Creme  optimalerweise vor direkter Sonneneinstrahlung geschützt und in der Originalverpackung  an einem trockenen Ort  an einem kühlen Ort  an einem dunklen Ort  außerhalb der Reichweite von Kindern aufbewahren. Die Temperatur zur Aufbewahrung sollte maximal 30°C sein. <br>  <br>  <b>Warnhinweise: </b> Arzneimittel für Kinder unzugänglich aufbewahren! <br><br>  <br> <br> <b>Weitere Hinweise: </b><br> Das Produkt ist: <br>  <li> Für eine vegane Lebensweise geeignet",
    "pharmaceuticalForm": "Salbe",
    "quantity": "100 g",
    "inStock": true
  },
  {
    "mediaGroupImages": [
      {
        "type": "default",
        "media": {
          "px140": "https://media.docmorris.de/produkte-pzn/02894355/ducray-kelual-ds-anti-schuppen-shampoo-100-ml-02894355-default-140-1711137679@2x.webp",
          "px300": "https://media.docmorris.de/produkte-pzn/02894355/ducray-kelual-ds-anti-schuppen-shampoo-100-ml-02894355-default-300-1711137679@2x.webp",
          "px1000": "https://media.docmorris.de/produkte-pzn/02894355/ducray-kelual-ds-anti-schuppen-shampoo-100-ml-02894355-default-1000-1711137679@2x.webp",
          "px120": "https://media.docmorris.de/produkte-pzn/02894355/ducray-kelual-ds-anti-schuppen-shampoo-100-ml-02894355-default-140-1711137679@2x.webp",
          "px240": "https://media.docmorris.de/produkte-pzn/02894355/ducray-kelual-ds-anti-schuppen-shampoo-100-ml-02894355-default-300-1711137679@2x.webp"
        }
      }
    ],
    "price": 17.51,
    "basePrice": "175.10 €/l",
    "productName": "Ducray Kelual Ds Anti-schuppen-shampoo 100 ml",
    "categorization": "",
    "code": "02894355",
    "companyName": "PIERRE FABRE DERMO KOSMETIK GmbH",
    "descriptionAsHtml": "<h3> Entfernt hartnäckige Schuppen effektiv und lindert juckende Kopfhaut schnell und wirksam    </h3>    Bei DUCRAY KELUAL DS Shampoo - Anti-Schuppen-Shampoo handelt es sich um ein Shampoo  von  PIERRE FABRE DERMO KOSMETIK GmbH. <br>  <p>Das Anti-Schuppen-Shampoo DUCRAY KELUAL DS entfernt hartnäckige Schuppen effektiv und lindert juckende Kopfhaut schnell und wirksam (89 Prozent weniger Schuppen und 80 Prozent weniger Juckreiz nach zwei Wochen*). Es bietet außerdem die ideale Intensivpflege für deine Kopfhaut bei unangenehmen Ekzemen (seborrhoische Dermatitis) und Kleienpilzflechte und verhindert das Wiederauftreten von Schuppen dank acht Wochen Anti-Rückfall-Wirkung.</p>  <p>Deine Kopfhaut juckt  ist gerötet und extrem schuppig  KELUAL DS Shampoo - ein hocheffektives Anti-Schuppen-Shampoo zur Intensivpflege - beruhigt dank patentiertem Aktivstoff-Komplex schnell deine Kopfhaut und hilft bei hartnäckigen Schuppen  Kleienpilzflechte sowie seborrhoischer Dermatitis.</p>  <p>Das Intensivpflege-Shampoo KELUAL DS Shampoo wurde zur Behandlung wiederkehrender Schuppen entwickelt  die mit starkem Juckreiz und Rötungen einhergehen. Auch für schuppige Kopfhaut  die zu Kleienpilzflechte und Ekzemen neigt  ist KELUAL DS Shampoo die ideale Lösung mit dermatologischer Wirksamkeit. Besonders wichtig für Betroffene: Es wirkt nicht nur schnell  sondern auch nachhaltig  indem es das Wiederauftreten von Schuppen verhindert (antirezidive Wirkung).</p>  <h3>So wirkt das Anti-Schuppen-Shampoo DUCRAY KELUAL DS Shampoo</h3> <p>Die spezielle Formel aus tiefenreinigenden  beruhigenden  fungiziden und keratolytischen Aktivstoffen wirkt gegen alle Faktoren  die die Bildung schwerer Schuppen auf deiner Kopfhaut begünstigen. KELUAL DS Shampoo enthält eine Aktivstoffkombination aus Ciclopiroxolamin und Pirocton Olamin  deren Wirkung auf Hefepilze wissenschaftlich belegt ist. Zusätzlich enthalten ist der Feuchthaltefaktor Keluamid<sup>®</sup>  der die Anti-Schuppen-Wirkung des Shampoos auf sanfte Weise unterstützt. Süßholzwurzelextrakt lindert den Juckreiz umgehend  mindert Rötungen nachhaltig und beruhigt die Kopfhaut.</p>       <h3> DUCRAY KELUAL DS Shampoo - Anti-Schuppen-Shampoo   - 89 % weniger Schuppen und 80 % weniger Juckreiz nach nur 2 Wochen*  </h3>    <br><br> <b>Anwendungshinweise: </b><br>  <p>KELUAL DS Shampoo auftragen  einseifen  in die Kopfhaut einmassieren und dann ausspülen. Anschließend erneut auftragen  drei Minuten lang einwirken lassen und wieder ausspülen.<br> Intensivbehandlung: 3× wöchentlich für 2 Wochen<br> Erhaltungsphase: 1× wöchentlich für 8 Wochen</p> <br>    <h3>DUCRAY KELUAL DS Shampoo - Anti-Schuppen-Shampoo - günstig und einfach online bei DocMorris kaufen. </h3>",
    "pharmaceuticalForm": "Shampoo",
    "quantity": "100 ml",
    "inStock": true
  },
  {
    "mediaGroupImages": [
      {
        "type": "default",
        "media": {
          "px140": "https://media.docmorris.de/produkte-pzn/13815270/vitamin-d3-20-000-i-e-depot-hochdosiert-180-st-13815270-default-140-1662777153@2x.webp",
          "px300": "https://media.docmorris.de/produkte-pzn/13815270/vitamin-d3-20-000-i-e-depot-hochdosiert-180-st-13815270-default-300-1662777153@2x.webp",
          "px1000": "https://media.docmorris.de/produkte-pzn/13815270/vitamin-d3-20-000-i-e-depot-hochdosiert-180-st-13815270-default-1000-1662777153@2x.webp",
          "px120": "https://media.docmorris.de/produkte-pzn/13815270/vitamin-d3-20-000-i-e-depot-hochdosiert-180-st-13815270-default-140-1662777153@2x.webp",
          "px240": "https://media.docmorris.de/produkte-pzn/13815270/vitamin-d3-20-000-i-e-depot-hochdosiert-180-st-13815270-default-300-1662777153@2x.webp"
        }
      }
    ],
    "price": 18.67,
    "basePrice": "0.10 €/St",
    "productName": "Vitamin D3 20.000ie Depot Hochdosiert 180 St",
    "categorization": "",
    "code": "13815270",
    "companyName": "Vitamaze GmbH",
    "descriptionAsHtml": "<h2> Lebensnotwendige Sonnen-Vitamin für Knochen  Muskeln und Wohlbefinden   </h2>    Bei Vitamin D3 20.000 I.E. Depot hochdosiert handelt es sich um Tabletten  von  Vitamaze GmbH. <br> Was die Sonne kann  kann das Vitamin D3 extra hochdosiert auch. Das sogenannte Sonnenvitamin ist wichtig für den Erhalt von normalen Knochen  Zähnen und der normalen Muskelfunktion und Immunfunktion. Oftmals bestehen aber Vitamin D-Mängel  die durch Nahrung oder Sonne nicht ausgeglichen werden können. Die Lösung  Nahrungsergänzungen wie die VISPURA Vitamin D3 Tabletten.      <h3> Vitamin D3 20.000 I.E. Depot hochdosiert   - 20.000 Einheiten Vitamin D3 pro vegetarischer Tablette (500  g) </h3> Die besonderen Inhaltsstoffe: <br>  <li>Vitamin D3</li><br> <br> Nahrungsergänzungsmittel sind kein Ersatz für eine ausgewogene und abwechslungsreiche Ernährung und eine gesunde Lebensweise. Die angegebene empfohlene tägliche Verzehrsmenge darf nicht überschritten werden. <br>     <br><b>Verzehrempfehlung: </b><br> Erwachsenen wird empfohlen  alle 20 Tage eine Tablette mit 1-2 Gläsern Wasser (300-400 ml) zu verzehren.     <h3>Vitamin D3 20.000 I.E. Depot hochdosiert - günstig und einfach online bei DocMorris kaufen. </h3> <br> Die Tabletten  optimalerweise vor direkter Sonneneinstrahlung geschützt und trocken  außerhalb der Reichweite von Kindern aufbewahren. Die Temperatur zur Aufbewahrung sollte 5 bis 25 °C sein. <br> <br>  <b>Warnhinweise: </b> Nahrungsergänzungsmittel sind kein Ersatz für eine ausgewogene und abwechslungsreiche Ernährung und eine gesunde Lebensweise. Die angegebene empfohlene tägliche Verzehrmenge darf nicht überschritten werden. <br><br>Dieses Produkt  enthält hochdosiertes Vitamin D3. Die Anwendung soll nur auf Anraten des Arztes  zur Prophylaxe oder zur Therapie einer Vitamin-D-Mangelerkrankung verschiedener Ursachen  erfolgen.  Die Vitamin D Versorgung kann anhand von Bluttests beurteilt werden. Während einer Langzeitbehandlung sollten die Calciumspiegel im Blut und im Urin sowie die Nierenfunktion kontrolliert werden.  Dies gilt auch für die Anwendung von hochdosierten Vitamin-D-haltigen Nahrungsergänzungsmitteln.  <br> <br> <b>Weitere Hinweise: </b><br> Das Produkt ist: <br> <li> Für Diabetiker geeignet",
    "pharmaceuticalForm": "Tabletten",
    "quantity": "180 St",
    "inStock": true
  },
  {
    "mediaGroupImages": [
      {
        "type": "default",
        "media": {
          "px140": "https://media.docmorris.de/produkte-pzn/01830123/cetirizin-hexal-saft-bei-allergien-150-ml-01830123-default-140-1662384572@2x.webp",
          "px300": "https://media.docmorris.de/produkte-pzn/01830123/cetirizin-hexal-saft-bei-allergien-150-ml-01830123-default-300-1662384572@2x.webp",
          "px1000": "https://media.docmorris.de/produkte-pzn/01830123/cetirizin-hexal-saft-bei-allergien-150-ml-01830123-default-1000-1662384572@2x.webp",
          "px120": "https://media.docmorris.de/produkte-pzn/01830123/cetirizin-hexal-saft-bei-allergien-150-ml-01830123-default-140-1662384572@2x.webp",
          "px240": "https://media.docmorris.de/produkte-pzn/01830123/cetirizin-hexal-saft-bei-allergien-150-ml-01830123-default-300-1662384572@2x.webp"
        }
      }
    ],
    "price": 10.81,
    "basePrice": "72.07 €/l",
    "productName": "Cetirizin Hexal Saft Bei Allergien 150 ml",
    "categorization": "N2",
    "code": "01830123",
    "companyName": "Hexal AG",
    "descriptionAsHtml": "<h2>Cetirizin HEXAL® bei Allergien - stark bei Allergien</h2>  Juckreiz  laufende Nase  tränende Augen oder ständiges Niesen - Allergien sind  quälend und weit verbreitet. Dahinter verbirgt sich eine allergische Reaktion des  Körpers auf eher harmlose Substanzen. Cetirizin HEXAL® bei Allergien ist ein  schnell und stark wirksames Antiallergikum und wird eingesetzt bei Heuschnupfen  und juckenden Hautausschlägen*.  *zur Linderung von Nesselsucht (chronischer Urtikaria)<br><br>  <h3>Allergie - eine Überreaktion  des Körpers</h3>  Im Fall einer Allergie reagiert das  Immunsystem unangemessen heftig  auf eher harmlose Substanzen  wie z.B. Tierhaare oder im Fall von  Heuschnupfen auf Pollen.<br>  Dabei versucht der Körper  diese  \"Eindringlinge\" einzufangen und unschädlich  zu machen. Werden \"Eindringlinge\"  gefangen  werden Botenstoffe  wie Histamin freigegeben.  Diese lösen kleine Entzündungen  aus und erweitern die Blutgefäße.  Je nachdem  wo dies geschieht   kommt es zu unterschiedlichen  Allergie-Symptomen wie Juckreiz   Niesreiz  laufender Nase  tränenden  Augen oder Hautreaktionen. <br>  <h3>Nesselsucht</h3>  Typische allergische Reaktionen der Haut auf Allergene   mit denen sie entweder direkt in Kontakt gekommen ist   oder die durch die Nahrung in den Körper gelangt sind   sind Juckreiz  Rötung  Ausschläge oder Quaddeln. <br>  <h3>Chronischer Schnupfen</h3>  Allergene  die über die Luft in den Körper gelangen  wie  Tierhaare oder die Ausscheidungen von Hausstaubmilben  lösen häufig einen allergischen Schnupfen aus. Die  Nasenschleimhaut schwillt an  die Nase verstopft  fängt  an zu laufen und juckt. <br>  <h3>Heuschnupfen</h3>  Typisch für den Heuschnupfen ist  dass er sich in der  Pollenflugzeit bei schönem Wetter vor allem tagsüber  verschlechtert. Längere Regenfälle führen hingegen zu  einer Verbesserung der Symptome. Häufige Symptome  sind eine laufende  juckende Nase  Niesreiz und rote  tränende  Augen.<br>  <h3>Pflichttext:</h3>  <p><b>Cetirizin HEXAL<sup>®</sup> bei Allergien  10 mg Filmtabletten  Wirkstoff:</b> Cetirizindihydrochlorid. <b>Anwendungsgebiete:</b> Bei Erwachsenen und Kindern ab einem Alter von 6 Jahren zur Linderung von Nasen- und Augensymptomen bei saisonaler und ganzjähriger allergischer Rhinitis und zur Linderung von Nesselsucht (Urtikaria). <b>Warnhinweis:</b> Enthält Lactose. <b>Zu Risiken und Nebenwirkungen lesen Sie die Packungsbeilage und fragen Sie Ihren Arzt oder Apotheker! Mat.-Nr.:</b> 2/51013121 <b>Stand:</b> November 2019    Hexal AG  83607 Holzkirchen</p>",
    "pharmaceuticalForm": "Lösung zum Einnehmen",
    "quantity": "150 ml",
    "inStock": true
  },
  {
    "mediaGroupImages": [
      {
        "type": "default",
        "media": {
          "px140": "https://media.docmorris.de/produkte-pzn/09750636/ibutop-schmerzcreme-150-g-09750636-default-140-1662395155@2x.webp",
          "px300": "https://media.docmorris.de/produkte-pzn/09750636/ibutop-schmerzcreme-150-g-09750636-default-300-1662395155@2x.webp",
          "px1000": "https://media.docmorris.de/produkte-pzn/09750636/ibutop-schmerzcreme-150-g-09750636-default-1000-1662395155@2x.webp",
          "px120": "https://media.docmorris.de/produkte-pzn/09750636/ibutop-schmerzcreme-150-g-09750636-default-140-1662395155@2x.webp",
          "px240": "https://media.docmorris.de/produkte-pzn/09750636/ibutop-schmerzcreme-150-g-09750636-default-300-1662395155@2x.webp"
        }
      }
    ],
    "price": 14.91,
    "basePrice": "99.40 €/kg",
    "productName": "Ibutop Schmerzcreme 150 g",
    "categorization": "N3",
    "code": "09750636",
    "companyName": "axicorp Pharma GmbH",
    "descriptionAsHtml": "Anwendbar bei rheumatischen Gelenkschmerzen  Rückenschmerzen und Arthrose  <li> Bei entzündlich- rheumatischen Erkrankungen der Gelenke und Wirbelsäule  <li> Bei Arthrose  <li> Bei Gelenk- und Muskelschmerzen  <li> Bei Schwellungen und Entzündungen von gelenknahen Weichteilen (z. B. Schleimbeutel  Sehnen  Sehnenscheiden  Bänder und Gelenkkapseln)  <li> Bei Kreuzschmerzen  Hexenschuss oder Schultersteife  <li> Entzündungshemmend & schmerzlindernd  <li> Deutsche Herstellung  <br><br>  Langanhaltend und tiefenwirksam*<br>  Erkrankungen des Bewegungsapparates sind vor allem im Alter keine Seltenheit. Häufig betroffen sind die Hüft- oder Kniegelenke. Gelenkerkrankungen wie durch Arthrose und bei Rheuma können sich allerdings auch auf andere Gelenke erstrecken  beispielsweise im Schulterbereich. Schleimbeutelentzündung oder auch Sehnenscheidenentzündungen stellen ebenfalls sehr schmerzhafte Erkrankungen dar.<br><br>  Die ibutop<sup>®</sup> Schmerzcreme setzt durch direkte Schmerzlinderung genau an diesen Krankheitsbildern an. Als schmerzlindernde Creme kann ein Durchdringen durch die Hautschichten und eine gezielte Wirkung auf das betroffene Gewebe bzw. am Schmerzpunkt erreicht werden.  <br><br>  * Berner G et al.: Drugs Exptl. Clin. Res.1989  XV (11/12): 559-564)   Vögtle-Junkert U et al.: Akt Rheumatol 1990  15(2): 56-62  Stahl J  et al.: BMC Pharmacology 2011  11:12  <br><br>  <h3>Anwendungshinweise:</h3>  ibutop<sup>®</sup> Schmerzcreme wird 3- bis 4-mal täglich angewendet. Die maximale Tagesgesamtdosis beträgt 20 g Creme entsprechend 1000 mg Ibuprofen. Nur zur äußerlichen Anwendung. Nicht einnehmen. ibutop<sup>®</sup> Schmerzcreme wird auf die Haut aufgetragen und leicht in die Haut eingerieben.  Über die Dauer der Behandlung entscheidet der behandelnde Arzt.  In der Regel ist eine Anwendung über 2 - 3 Wochen ausreichend. Der therapeutische Nutzen einer Anwendung über diesen Zeitraum hinaus ist nicht belegt.<br>  Bitte sprechen Sie mit Ihrem Arzt oder Apotheker  wenn Sie den Eindruck haben  dass die Wirkung von ibutop® Schmerzcreme zu stark oder zu schwach ist.  <br><br>  <b>DEGENERATIVE GELENKERKRANKUNGEN: ARTHROSE</b><br>  Vor allem unsere Gelenke an den Knien  der Hüfte  Schulter oder an den Armen sind unter Umständen  großen  gegebenenfalls sogar übermäßigen Belastungen ausgesetzt. Dies kann zu einer Abnutzung des Gelenkknorpels führen. Hierbei reiben die ungeschützten Gelenke aneinander  was folglich in unangenehmen  Schmerzen resultiert. ibutop<sup>®</sup> Schmerzcreme kann bei der Schmerzbehandlung unterstützen.  <br><br>  <b>RHEUMATISCHE GELENKERKRANKUNGEN</b><br>  Die rheumatoide Arthritis ist die häufigste Ausprägungsform entzündlich-rheumatischer Gelenkerkrankungen.  Sie zeigt sich in Form von chronischen Entzündungen  die mehr als drei Gelenke im Körper betreffen  können. Die häufigste Form der rheumatisch-entzündlichen Erkrankungen der Wirbelsäule nennt sich Morbus Bechterew. ibutop<sup>®</sup> Schmerzcreme kann helfen  die Schmerzen an Ort und Stelle zu lindern.  <br><br>  <b>KREUZSCHMERZEN & HEXENSCHUSS</b><br>  Körperliche Fehlhaltung sowie einseitige Bewegung am Arbeitsplatz oder im Haushalt in Form von ständigem  Bücken oder Heben schwerer Lasten können zu Kreuzschmerzen oder Hexenschuss führen. Auch Überanstrengung im Sport kann sich als Auslöser herausstellen. Bei diesen Schmerzen kann ibutop<sup>®</sup> Schmerzcreme Abhilfe leisten.  <br><br>  <h3>Pflichttext:</h3>  ibutop<sup>®</sup> Schmerzcreme<br>  5% Creme. Wirkstoff: Ibuprofen. Anwendungsgebiete: Schmerzlinderndes und entzündungshemmendes Arzneimittel zum Einreiben in die Haut. Zur alleinigen oder unterstützenden Behandlung bei Muskelrheumatismus  degenerativen schmerzhaften Gelenkerkrankungen (Arthrosen)  entzündlichen rheumatischen Erkrankungen der Gelenke und der Wirbelsäule  Schwellung bzw.  Entzündung der gelenknahen Weichteile (z. B. Schleimbeutel  Sehnen  Sehnenscheiden  Bänder und Gelenkkapsel)  Schultersteife  Kreuzschmerzen  Hexenschuss  Sport- und Unfallverletzungen wie Prellungen  Verstauchungen  Zerrungen. Enthält Paraben (E219) und Propylenglycol (E1520). Packungsbeilage beachten. Zu Risiken und Nebenwirkungen lesen Sie die Packungsbeilage und fragen Sie Ihren Arzt oder Apotheker.  <br>axicorp Pharma GmbH  61381 Friedrichsdorf. Stand: April 2022",
    "pharmaceuticalForm": "Creme",
    "quantity": "150 g",
    "inStock": true
  },
  {
    "mediaGroupImages": [
      {
        "type": "default",
        "media": {
          "px140": "https://media.docmorris.de/produkte-pzn/12730459/laxatan-m-granulat-z-herstell-ein-susp-z-48-st-12730459-default-140-1682367117@2x.webp",
          "px300": "https://media.docmorris.de/produkte-pzn/12730459/laxatan-m-granulat-z-herstell-ein-susp-z-48-st-12730459-default-300-1682367117@2x.webp",
          "px1000": "https://media.docmorris.de/produkte-pzn/12730459/laxatan-m-granulat-z-herstell-ein-susp-z-48-st-12730459-default-1000-1682367117@2x.webp",
          "px120": "https://media.docmorris.de/produkte-pzn/12730459/laxatan-m-granulat-z-herstell-ein-susp-z-48-st-12730459-default-140-1682367117@2x.webp",
          "px240": "https://media.docmorris.de/produkte-pzn/12730459/laxatan-m-granulat-z-herstell-ein-susp-z-48-st-12730459-default-300-1682367117@2x.webp"
        }
      }
    ],
    "price": 36.68,
    "basePrice": "0.76 €/St",
    "productName": "Laxatan M 48 St",
    "categorization": "",
    "code": "12730459",
    "companyName": "MCM KLOSTERFRAU Vertr. GmbH",
    "descriptionAsHtml": "Laxatan M enthält neben dem Hauptinhaltsstoff Macrogol noch Inulin und Elektrolyte. Macrogol ist ein gut wirksames und zugleich verträgliches Mittel zur Behandlung von Verstopfung. Weil Macrogol nicht zu zusätzlichen Wasserverlusten führt - und so den Elektrolythaushalt schützt -  ist auch eine Einnahme über einen längeren Zeitraum möglich  ohne dass es dadurch zur Gewöhnung und zu einem Verlust der Wirksamkeit kommt. So hilft Laxatan M bei akuter und chronischer Verstopfung und unterstützt die Darmflora. Laxatan M hat einen angenehm zitronigen Geschmack.",
    "pharmaceuticalForm": "Granulat zur Herstellung einer Suspension zum Einnehmen",
    "quantity": "48 St",
    "inStock": true
  },
  {
    "mediaGroupImages": [
      {
        "type": "default",
        "media": {
          "px140": "https://media.docmorris.de/produkte-pzn/15584722/avene-antirougeurs-tag-beruhigende-creme-40-ml-15584722-default-140-1711138247@2x.webp",
          "px300": "https://media.docmorris.de/produkte-pzn/15584722/avene-antirougeurs-tag-beruhigende-creme-40-ml-15584722-default-300-1711138247@2x.webp",
          "px1000": "https://media.docmorris.de/produkte-pzn/15584722/avene-antirougeurs-tag-beruhigende-creme-40-ml-15584722-default-1000-1711138247@2x.webp",
          "px120": "https://media.docmorris.de/produkte-pzn/15584722/avene-antirougeurs-tag-beruhigende-creme-40-ml-15584722-default-140-1711138247@2x.webp",
          "px240": "https://media.docmorris.de/produkte-pzn/15584722/avene-antirougeurs-tag-beruhigende-creme-40-ml-15584722-default-300-1711138247@2x.webp"
        }
      }
    ],
    "price": 26.12,
    "basePrice": "653.00 €/l",
    "productName": "Avene Antirougeurs Tag Beruhigende Creme 40 ml",
    "categorization": "",
    "code": "15584722",
    "companyName": "PIERRE FABRE DERMO KOSMETIK GmbH",
    "descriptionAsHtml": "<h2> Rötungen  sichtbare Äderchen  Jetzt langfristig bekämpfen </h2>      Bei Avène Antirougeurs TAG Beruhigende Creme handelt es sich um eine Creme von Pierre Fabre Dermo-Kosmetik GmbH. <br> Die Avène Antirougeurs TAG Beruhigende Creme SPF 30 ist eine beruhigende und feuchtigkeitsspendende Tagespflege mit SPF 30. Die Creme ist besonders für empfindliche  zu Rötungen neigende und trockene bis sehr trockene Haut sowie zur Pflege bei Rosacea oder Couperose geeignet.<br> Zu Rötungen neigende  empfindliche Haut geht meist mit Spannungs- und Hitzegefühlen einher. Zudem reagiert empfindliche Haut schnell und übermäßig stark auf Kälte  Wind  Temperaturveränderungen  falsche Pflege oder auch auf zu scharfes Essen und Alkohol. Die dadurch entstehenden vorübergehenden oder dauerhaften Hautrötungen  die zu Papeln und Pusteln übergehen können  sind für den Betroffenen meist sehr unangenehm und lästig. Deswegen benötigt empfindliche und trockene bis sehr trockene Haut  die zu lokalen oder großflächigen Rötungen neigt  eine ganz besondere Pflege. Die Antirougeurs TAG Beruhigende Creme SPF 30 wirkt gezielt gegen Rötungen  spendet viel Feuchtigkeit und schützt die Haut täglich. Das Spannungs- und Hitzegefühl wird durch die Creme gemildert und die Haut wird langanhaltend beruhigt. Die cremige  sanfte Textur macht die Haut geschmeidig und verleiht ein angenehmes Hautgefühl. <br><br> Die Antirougeurs TAG Beruhigende Creme SPF 30 besteht aus einem Aktivstoffkomplex. Der patentierte Aktivstoff TRP-REGULIN hat eine entzündungshemmende Wirkung und beruhigt die Haut nachhaltig. Der natürliche Aktivstoff Pongamiaöl mildert bestehende Rötungen  beugt deren Nachbildung vor  wirkt entzündungshemmend und bewahrt das natürliche Gleichgewicht der Haut. Das beinhaltete Dextransulfat dient zum Schutz der Haut und wirkt abschwellend. Rötungen werden reduziert und die Bildung neuer Mikrogefäße begrenzt. Optisch werden die Rötungen durch den leicht grünen Reflektorkomplex zusätzlich gemildert. Zudem ist die Antirougeurs TAG Beruhigende Creme SPF 30 mit Sheabutter angereichtet  was eine langanhaltende nährende Wirkung hat. Als Schutzschild gegen UVA/UVB-Strahlen  die Hautrötungen begünstigen  dient das SUNSITIVE PROTECTION Filtersystem mit hohem Lichtschutz SPF 30 und höchster Hautverträglichkeit. Dieser schützt die Haut auch vor der Entstehung von neuen Rötungen.      <h3> Avène Antirougeurs TAG Beruhigende Creme - Beruhigende und feuchtigkeitsspendende Tagespflege mit SPF 30 </h3> Falls vom Arzt nicht anders verordnet  ist Avène Antirougeurs TAG Beruhigende Creme täglich zu verwenden. <br><br> <b>Anwendungshinweise: </b><br> Morgens nach der sorgfältigen Reinigung mit der Avène Antirougeurs CLEAN Beruhigende Reinigungsmilch auf das Gesicht und den Hals auftragen. Die beruhigende Creme eignet sich auch ideal als Make-up-Basis. <br> Das Produkt eignet sich besonders für: Für empfindliche  zu Rötungen neigende und trockene bis sehr trockene Haut. <br>      <h3>Avène Antirougeurs TAG Beruhigende Creme - günstig und einfach online bei DocMorris kaufen. </h3> <br><sub>22042020 </sub><br>",
    "pharmaceuticalForm": "Creme",
    "quantity": "40 ml",
    "inStock": true
  },
  {
    "mediaGroupImages": [
      {
        "type": "default",
        "media": {
          "px140": "https://media.docmorris.de/produkte-pzn/12580505/biotin-10-mg-hochdosiert-zink-selen-tabl-365-st-12580505-default-140-1678478749@2x.webp",
          "px300": "https://media.docmorris.de/produkte-pzn/12580505/biotin-10-mg-hochdosiert-zink-selen-tabl-365-st-12580505-default-300-1678478749@2x.webp",
          "px1000": "https://media.docmorris.de/produkte-pzn/12580505/biotin-10-mg-hochdosiert-zink-selen-tabl-365-st-12580505-default-1000-1678478749@2x.webp",
          "px120": "https://media.docmorris.de/produkte-pzn/12580505/biotin-10-mg-hochdosiert-zink-selen-tabl-365-st-12580505-default-140-1678478749@2x.webp",
          "px240": "https://media.docmorris.de/produkte-pzn/12580505/biotin-10-mg-hochdosiert-zink-selen-tabl-365-st-12580505-default-300-1678478749@2x.webp"
        }
      }
    ],
    "price": 22.07,
    "basePrice": "0.06 €/St",
    "productName": "Biotin 10mg Hochdosiert + Zink + Selen 365 St",
    "categorization": "",
    "code": "12580505",
    "companyName": "Vitamaze GmbH",
    "descriptionAsHtml": "<h3> Biotin 10 mg + Zink + Selen - Einzigartige Beauty-Power mit hochdosiertem Biotin (10 mg)  Zink und Selen </h3>      Bei Biotin 10 mg hochdosiert + Zink + Selen Tabletten handelt es sich um Tabletten von Vitamaze GmbH. <br> <p><strong>Die clevere Nährstoff-Kombination mit 10 mg Biotin  Zink und Selen für gesunde Haut  Haare & Nägel</strong></p> <p><strong></strong></p> <p>Drei Wirkstoffe (Biotin  Zink und Selen) clever kombiniert für gesundes Aussehen: Zusammen sind sie optimal für Haut  Haare und Nägel.</p> <ul> <li>10 mg Biotin mit zusätzlich 10 mg Zink und 55 µg Selen in einer Tablette</li> <li>Ohne Coating (überzugsfreie Tablette)  teilbar und einfach zu Pulver mörserbar</li> <li>Verzicht auf unnötige Zusatzstoffe  Nanopartikel und Allergene</li> <li>Für Frauen und Männer geeignet</li> </ul> <p><strong>Wirkung & Nutzen von Biotin + Zink + Selen</strong></p> <p><strong>Biotin</strong> ist auch als Vitamin B7 oder unter dem Namen Vitamin H (für Haare) bekannt und Teil des Vitamin B-Komplexes. Die beiden Wirkstoffe Biotin und Zink unterstützen die Erhaltung normaler Haut. Alle drei Wirkstoffe in Kombination führen zur Erhaltung normaler Haare. Zink und Selen tragen zur Erhaltung normaler Nägel bei und schützen die Zellen vor oxidativem Stress.</p> <p><strong>Vorteile des hochdosierten Vitamaze Biotin + Zink + Selen</strong></p> <ul> <li><strong>Vegan:</strong> Hergestellt aus nicht-tierischen Inhaltsstoffen und frei von unnötigen Zusatzstoffen.</li> <li><strong>Beste Bioverfügbarkeit:</strong> Ohne das Trennmittel Magnesiumstearat (Magnesiumsalze der<br />Speisefettsäuren) um die ideale Wirksamkeit zu erhalten.</li> <li><strong>Frei von</strong> Farb- und Konservierungsstoffen  gentechnisch veränderten Inhaltsstoffen sowie<br />Pestiziden  Fungiziden  künstlichen Düngemitteln oder sonstigen Schadstoffen.</li> <li><strong>Für Allergiker geeignet:</strong> Das Produkt ist frei von Gluten  Laktose und anderen Allergenen.</li> </ul>      <h3> Biotin 10 mg hochdosiert + Zink + Selen Tabletten - Einzigartige Beauty-Power mit hochdosiertem Biotin (10 mg)  Zink und Selen </h3> Falls vom Arzt nicht anders verordnet  ist Biotin 10 mg hochdosiert + Zink + Selen Tabletten 1 mal täglich zu verwenden. <br>      <br><b>Verzehrempfehlung: </b><br> <p>Täglich 1 Tablette mit ausreichend Wasser verzehren.</p>      <h3>Biotin 10 mg hochdosiert + Zink + Selen Tabletten - günstig und einfach online bei DocMorris kaufen. </h3> Die Tabletten haben eine weiße Farbe. <br> Die Tabletten optimalerweise lichtgeschützt und in der Originalverpackung  an einem trockenen Ort  an einem kühlen Ort  an einem dunklen Ort  außerhalb der Reichweite von Kindern aufbewahren. Die Temperatur zur Aufbewahrung sollte maximal 25°C sein. <br> <br> <b>Warnhinweise: </b> <p>Die angegebene empfohlene Verzehrmenge darf nicht überschritten werden.<br>Nahrungsergänzungsmittel sind kein Ersatz für eine ausgewogene und abwechslungsreiche Ernährung und eine gesunde Lebensweise. Nicht für Kinder und Jugendliche geeignet. Das Produkt ungeöffnet  kühl  trocken und außerhalb der Reichweite von Kindern aufbewahren. Während der Schwangerschaft und Stillzeit sollte generell vor dem Verzehr von Nahrungsergänzungsmitteln ein Arzt konsultiert werden.</p> <br><br> <br> <br> <b>Weitere Hinweise: </b><br> Das Produkt ist: <br> <li> Für eine vegane Lebensweise geeignet <li>Aus rein pflanzlichen Inhaltsstoffen produziert",
    "pharmaceuticalForm": "Tabletten",
    "quantity": "365 St",
    "inStock": true
  },
  {
    "mediaGroupImages": [
      {
        "type": "default",
        "media": {
          "px140": "https://media.docmorris.de/produkte-pzn/12580592/vitamin-b12-1-000-ug-hochdosiert-vegan-t-180-st-12580592-default-140-1678478770@2x.webp",
          "px300": "https://media.docmorris.de/produkte-pzn/12580592/vitamin-b12-1-000-ug-hochdosiert-vegan-t-180-st-12580592-default-300-1678478770@2x.webp",
          "px1000": "https://media.docmorris.de/produkte-pzn/12580592/vitamin-b12-1-000-ug-hochdosiert-vegan-t-180-st-12580592-default-1000-1678478770@2x.webp",
          "px120": "https://media.docmorris.de/produkte-pzn/12580592/vitamin-b12-1-000-ug-hochdosiert-vegan-t-180-st-12580592-default-140-1678478770@2x.webp",
          "px240": "https://media.docmorris.de/produkte-pzn/12580592/vitamin-b12-1-000-ug-hochdosiert-vegan-t-180-st-12580592-default-300-1678478770@2x.webp"
        }
      }
    ],
    "price": 16.12,
    "basePrice": "0.09 €/St",
    "productName": "Vitamin B12 1000 Ug Hochdosiert Vegan 180 St",
    "categorization": "",
    "code": "12580592",
    "companyName": "Vitamaze GmbH",
    "descriptionAsHtml": "<h3> Vitamin B12 1000 µg - 1.000 µg Methylcobalamin pro Tablette für schnellste Bioverfügbarkeit </h3>      Bei Vitamin B12 1000 µg hochdosiert vegan Tabletten handelt es sich um Tabletten von Vitamaze GmbH. <br> <p><strong>Vitalstoff fürs Wohlbefinden und zur Verringerung von Müdigkeit</strong><br />Vitamin B12 ist essentiell für viele Körperfunktionen wie das Immunsystem  das Nervensystem oder der Energiestoffwechsel und trägt außerdem zur Verringerung von Müdigkeit bei.</p> <ul> <li>1.000 µg Vitamin B12 in der bioaktiven Form Methylcobalamin in einer Tablette</li> <li>Ohne Coating (überzugsfreie Tablette) und teilbar</li> <li>Verzicht auf unnötige Zusatzstoffe  Nanopartikel und Allergene</li> <li>Wichtig für Vegetarier und Veganer  da Vitamin B12 überwiegend nur über tierische Lebensmittel in ausreichender Menge aufgenommen werden kann</li> </ul> <p><strong>Wirkung & Nutzen von Vitamin B12</strong></p> <p><strong>Vitamin B12 ist wichtig für viele Funktionen im Körper:</strong></p> <ul> <li>Vitamin B12 trägt zu einem normalen Energiestoffwechsel bei</li> <li>Vitamin B12 trägt zu einer normalen Funktion des Nervensystems bei</li> <li>Vitamin B12 trägt zur normalen psychischen Funktion bei</li> <li>Vitamin B12 trägt zu einer normalen Bildung roter Blutkörperchen bei</li> <li>Vitamin B12 trägt zu einer normalen Funktion des Immunsystems bei</li> <li>Vitamin B12 trägt zur Verringerung von Müdigkeit und Ermüdung bei</li> <li>Vitamin B12 hat eine Funktion bei der Zellteilung</li> </ul> <p><strong>Wichtig für Veganer und Vegetarier:</strong> Vitamin B12 kann überwiegend nur durch tierische Lebensmittel in ausreichender Menge aufgenommen werden. Der Körper ist nicht fähig  das Vitamin selbst herzustellen und absorbiert es im Darmtrakt.<br /><br /><strong>Hochwertiges Methylcobalamin:</strong> Diese Form des Cobalamins ist deutlich hochwertiger als z.B. Das günstigere Cyanocobalamin. Methylcobalamin gewährleistet eine höhere Bioverfügbarkeit und das Vitamin kann vom Körper schneller und einfacher aufgenommen werden.</p> <p><strong>Vorteile des hochdosierten Vitamaze Vitamin B12</strong></p> <ul> <li><strong>Vegan:</strong> Hergestellt aus nicht-tierischen Inhaltsstoffen und frei von unnötigen Zusatzstoffen.</li>   <h3> Vitamin B12 1000 µg hochdosiert vegan Tabletten - 1.000 µg Methylcobalamin pro Tablette für schnellste Bioverfügbarkeit </h3> Falls vom Arzt nicht anders verordnet  ist Vitamin B12 1000 µg hochdosiert vegan Tabletten 1 mal täglich zu verwenden. <br>      <br><b>Verzehrempfehlung: </b><br> <p>Täglich 1 Tablette mit ausreichend Wasser verzehren.</p>      <h3>Vitamin B12 1000 µg hochdosiert vegan Tabletten - günstig und einfach online bei DocMorris kaufen. </h3> Die Tabletten haben eine weiße Farbe. <br> Die Tabletten optimalerweise lichtgeschützt und in der Originalverpackung  an einem trockenen Ort  an einem kühlen Ort  an einem dunklen Ort  außerhalb der Reichweite von Kindern aufbewahren. Die Temperatur zur Aufbewahrung sollte maximal 25°C sein. <br> <br> <b>Warnhinweise: </b> <p>Die angegebene empfohlene Verzehrmenge darf nicht überschritten werden.<br>Nahrungsergänzungsmittel sind kein Ersatz für eine ausgewogene und abwechslungsreiche Ernährung und eine gesunde Lebensweise. Nicht für Kinder und Jugendliche geeignet. Das Produkt ungeöffnet  kühl  trocken und außerhalb der Reichweite von Kindern aufbewahren. Während der Schwangerschaft und Stillzeit sollte generell vor dem Verzehr von Nahrungsergänzungsmitteln der Arzt konsultiert werden.</p> <br><br> <br> <br> <b>Weitere Hinweise: </b><br> Das Produkt ist: <br> <li> Für eine vegane Lebensweise geeignet <li>Aus rein pflanzlichen Inhaltsstoffen produziert",
    "pharmaceuticalForm": "Tabletten",
    "quantity": "180 St",
    "inStock": true
  },
  {
    "mediaGroupImages": [
      {
        "type": "default",
        "media": {
          "px140": "https://media.docmorris.de/produkte-pzn/11286181/loceryl-nagellack-gegen-nagelpilz-direkt-5-ml-11286181-default-140-1677269219@2x.webp",
          "px300": "https://media.docmorris.de/produkte-pzn/11286181/loceryl-nagellack-gegen-nagelpilz-direkt-5-ml-11286181-default-300-1677269219@2x.webp",
          "px1000": "https://media.docmorris.de/produkte-pzn/11286181/loceryl-nagellack-gegen-nagelpilz-direkt-5-ml-11286181-default-1000-1677269219@2x.webp",
          "px120": "https://media.docmorris.de/produkte-pzn/11286181/loceryl-nagellack-gegen-nagelpilz-direkt-5-ml-11286181-default-140-1677269219@2x.webp",
          "px240": "https://media.docmorris.de/produkte-pzn/11286181/loceryl-nagellack-gegen-nagelpilz-direkt-5-ml-11286181-default-300-1677269219@2x.webp"
        }
      }
    ],
    "price": 48.43,
    "basePrice": "9686.00 €/l",
    "productName": "Loceryl Nagellack Gegen Nagelpilz Direkt-applikat. 5 ml",
    "categorization": "N2",
    "code": "11286181",
    "companyName": "Galderma Laboratorium GmbH",
    "descriptionAsHtml": "<h2> Loceryl bekämpft den Nagelpilz so effektiv  dass er nur 1x pro Woche angewendet werden muss   </h2>  <p><b>Hinweis:</b> Bei den Packungsgrößen 1 25ml & 2 5ml handelt es sich um Nachfüllpacks  die <b>keine</b> Tupfer und Feilen beinhalten.</p>   Bei Loceryl Nagellack gegen Nagelpilz handelt es sich um einen Nagellack  von  Galderma Laboratorium GmbH. <br>  <p>Loceryl Nagellack ist ein Arzneimittel gegen Nagelpilz<sup>1</sup> mit dem Wirkstoff Amorolfin. Er bietet Betroffenen eine effektive  einfache und kosmetisch ästhetische Therapie  um den Nagelpilz zu behandeln. Dank effektiver Langzeitwirkung muss der Nagellack nur einmal pro Woche aufgetragen werden. Er dringt bereits wenige Stunden nach dem ersten Auftragen tief in den Nagel ein  um infektiöse Pilzzellen zu bekämpfen. Im Gegensatz zu wasserlöslichen  täglich anzuwendenden Produkten muss Loceryl nur 1x pro Woche aufgetragen werden. Und das Beste: Loceryl Nagellack wirkt auch unter kosmetischem Nagellack<sup>2</sup> für attraktivere Nägel.</p>   <h2>Vorteile von Loceryl Nagellack gegen Nagelpilz</h2>   <ul>   <li><strong>Nur 1x pro Woche</strong>: Mit Loceryl gegen Nagelpilz ist kein lästiges  tägliches Pinseln nötig! Der Nagellack muss nur 1x pro Woche angewendet werden.</li>   <li><strong>Tiefenwirkung:</strong> Der Wirkstoff dringt tief in den Nagel ein und bekämpft den Pilz in und unter der Nagelplatte.</li>   <li><strong>Breites Wirkspektrum:</strong> Bekämpft alle relevanten Nagelpilz-Erreger.</li>  </ul>  <b> Die Packungsgröße mit 2 5 ml ist ein Nachfüllpack. Es enthält keine Feile und kein Tupfer. </b><br>   <h3> Loceryl Nagellack gegen Nagelpilz   - Muss nur 1x pro Woche angewendet werden </h3> Die besonderen Inhaltsstoffe: <br>  <li>Amorolfinhydrochlorid</li><br> Falls vom Arzt nicht anders verordnet  ist Loceryl Nagellack gegen Nagelpilz 1  mal  wöchentlich zu verwenden.  <br> <br><br> <b>Anwendungshinweise: </b><br> <p>Nagelpilz heilt nicht von selbst. Ohne Behandlung kann sich der Pilz auf andere Nägel oder Hautbereiche ausbreiten sowie andere Personen anstecken. Daher ist es besonders wichtig  ihn frühzeitig zu behandeln.</p>   <p>Starten Sie Ihre allererste Behandlung mit Loceryl  indem Sie zunächst die erkrankten Nagelteile mit einer Einweg-Nagelfeile abfeilen. So wird schon vor der Behandlung infiziertes Nagelmaterial abgetragen. Anschließend gründlich reinigen und Loceryl Nagellack mit dem DIREKT-Applikator auftragen. Ab jetzt die Anwendung mit dem medizinischen Nagellack einfach 1x pro Woche so lange fortführen  bis der Nagel wieder völlig gesund herausgewachsen ist.</p>    <h3>Loceryl Nagellack gegen Nagelpilz - günstig und einfach online bei DocMorris kaufen. </h3> <br>  <b>Warnhinweise: </b> Loceryl Nagellack sollte nicht auf die Haut um den betroffenen Nagel herum aufgetragen werden. Jeglicher Kontakt des Lacks mit Augen  Ohren und Schleimhäuten ist zu vermeiden. Während der Anwendung von Loceryl Nagellack keine künstlichen Nägel tragen. Patienten  die mit organischen Lösungsmitteln arbeiten (Verdünnungsmittel  Testbenzin usw.)  müssen bei der Anwendung undurchlässige Handschuhe tragen. Andernfalls wird der Loceryl Nagellack abgelöst. Nach Anwendung dieses Arzneimittels kann eine allergische Reaktion  auch außerhalb des Applikationsortes  auftreten. In diesem Fall sollte die Anwendung sofort beendet und ärztlicher Rat eingeholt werden. Loceryl Nagellack sollte unverzüglich und gründlich mit Nagellackentferner oder den in der Packung enthaltenen Alkoholtupfern entfernt  und nicht erneut angewendet werden. Loceryl Nagellack wird für die Anwendung bei Patienten unter 18 Jahren nicht empfohlen  da keine klinischen Erfahrungen vorliegen. <br><br> <br> <b> Informationen zu Inhaltsstoffen und Allergenen</b> <br> Das Produkt enthält:<br> <li> Alkohol <br> <br> <b>Weitere Hinweise: </b><br> Das Produkt ist: <br> <li> Für Diabetiker geeignet <li> Für eine vegane Lebensweise geeignet",
    "pharmaceuticalForm": "Wirkstoffhaltiger Nagellack",
    "quantity": "5 ml",
    "inStock": true
  },
  {
    "mediaGroupImages": [
      {
        "type": "default",
        "media": {
          "px140": "https://media.docmorris.de/produkte-pzn/15398037/mariendistel-500-mg-extrakt-hochdosiert-90-st-15398037-default-140-1678478891@2x.webp",
          "px300": "https://media.docmorris.de/produkte-pzn/15398037/mariendistel-500-mg-extrakt-hochdosiert-90-st-15398037-default-300-1678478891@2x.webp",
          "px1000": "https://media.docmorris.de/produkte-pzn/15398037/mariendistel-500-mg-extrakt-hochdosiert-90-st-15398037-default-1000-1678478891@2x.webp",
          "px120": "https://media.docmorris.de/produkte-pzn/15398037/mariendistel-500-mg-extrakt-hochdosiert-90-st-15398037-default-140-1678478891@2x.webp",
          "px240": "https://media.docmorris.de/produkte-pzn/15398037/mariendistel-500-mg-extrakt-hochdosiert-90-st-15398037-default-300-1678478891@2x.webp"
        }
      }
    ],
    "price": 15.27,
    "basePrice": "0.17 €/St",
    "productName": "Mariendistel 500 Mg Extrakt Hochdosiert Vegan 90 St",
    "categorization": "",
    "code": "15398037",
    "companyName": "Vitamaze GmbH",
    "descriptionAsHtml": "<h2> Heilpflanze Mariendistel Extrakt mit 80% Silymarin   </h2>    Bei Mariendistel 500 mg Extrakt handelt es sich um Kapseln  von  Vitamaze GmbH. <br> Schon im Mittelalter kannte man die heilsame Wirkung der Mariendistel. Heute gehört sie zu den beliebtesten Heilpflanzen Europas. Jede Kapsel enthält 500 mg Mariendistel Extrakt mit 80% Silymarin - und das in bester Bioverfügbarkeit und Qualität von Vitamaze.      <h3> Mariendistel 500 mg Extrakt   - Optimale Konzentration: 500 mg Mariendistel Extrakt mit 80 % Silymarin </h3> Die besonderen Inhaltsstoffe: <br>  <li>Mariendistel-Extrakt</li><li> Silymarin</li><br> Falls vom Arzt nicht anders verordnet  ist Mariendistel 500 mg Extrakt 1  mal  täglich zu verwenden.  <br> <br> Nahrungsergänzungsmittel sind kein Ersatz für eine ausgewogene und abwechslungsreiche Ernährung und eine gesunde Lebensweise. Die angegebene empfohlene tägliche Verzehrsmenge darf nicht überschritten werden. <br>     <br><b>Verzehrempfehlung: </b><br> Erwachsenen wird empfohlen täglich 1 Kapsel mit 1-2 Gläsern Wasser (300-400 ml) zu verzehren.     <h3>Mariendistel 500 mg Extrakt - günstig und einfach online bei DocMorris kaufen. </h3> <br> Die Kapseln  optimalerweise vor direkter Sonneneinstrahlung geschützt und trocken  außerhalb der Reichweite von Kindern aufbewahren. Die Temperatur zur Aufbewahrung sollte 5 bis 25 °C sein. <br> <br>  <b>Warnhinweise: </b> Nahrungsergänzungsmittel sind kein Ersatz für eine ausgewogene und abwechslungsreiche Ernährung und eine gesunde Lebensweise. Die angegebene empfohlene tägliche Verzehrmenge darf nicht überschritten werden. <br><br> <br> <br> <b>Weitere Hinweise: </b><br> Das Produkt ist: <br> <li> Für Diabetiker geeignet <li> Für eine vegane Lebensweise geeignet <li>Aus rein pflanzlichen Inhaltsstoffen produziert",
    "pharmaceuticalForm": "Kapseln",
    "quantity": "90 St",
    "inStock": true
  },
  {
    "mediaGroupImages": [
      {
        "type": "default",
        "media": {
          "px140": "https://media.docmorris.de/produkte-pzn/12828537/doppelpack-femannose-n-granulat-14-st-12828537-default-140-1708718659@2x.webp",
          "px300": "https://media.docmorris.de/produkte-pzn/12828537/doppelpack-femannose-n-granulat-14-st-12828537-default-300-1708718659@2x.webp",
          "px1000": "https://media.docmorris.de/produkte-pzn/12828537/doppelpack-femannose-n-granulat-14-st-12828537-default-1000-1708718659@2x.webp",
          "px120": "https://media.docmorris.de/produkte-pzn/12828537/doppelpack-femannose-n-granulat-14-st-12828537-default-140-1708718659@2x.webp",
          "px240": "https://media.docmorris.de/produkte-pzn/12828537/doppelpack-femannose-n-granulat-14-st-12828537-default-300-1708718659@2x.webp"
        }
      }
    ],
    "price": 19.51,
    "basePrice": "1.39 €/St",
    "productName": "Femannose N 14 St",
    "categorization": "",
    "code": "12828537",
    "companyName": "MCM KLOSTERFRAU Vertr. GmbH",
    "descriptionAsHtml": "<h2> Mit D-Mannose bei Blasenentzündung    </h2>     Bei Femannose N handelt es sich um ein Granulat  von  MCM Klosterfrau GmbH. <br>     <h3> Femannose N   - Zur Vorbeugung und unterstützenden Behandlung von Blasenentzündung  </h3> Die besonderen Inhaltsstoffe: <br>   <li>D-Mannose</li><br> Falls vom Arzt nicht anders verordnet  ist Femannose N  2 g D-Mannose pro Portions-   beutel zu verwenden.  <br> <br> Nahrungsergänzungsmittel sind kein Ersatz für eine ausgewogene und abwechslungsreiche Ernährung und eine gesunde Lebensweise. Die angegebene empfohlene tägliche Verzehrsmenge darf nicht überschritten werden. <br>      <br><b>Verzehrempfehlung: </b><br> Unterstützende Behandlung:   3 Tage 3 Beutel pro Tag  2 Tage 2 Beutel pro Tag.   <br><br>  Prophylaxe:   1 Beutel täglich  <br><br> <b>Anwendungshinweise: </b><br> Inhalt des Portionsbeutels in einem Glas Wasser auflösen  umrühren und trinken. <br>     <h3>Femannose N - günstig und einfach online bei DocMorris kaufen. </h3>    <br> Das Granulat  optimalerweise trocken und vor direktem Licht und Hitze geschützt aufbewahren. Die Temperatur zur Aufbewahrung sollte nicht über 25°C sein. <br>    <br>  <b>Warnhinweise: </b> Verwenden Sie Femannose N nicht bei einer bekannten Überempfindlichkeit wie z.B. Allergien oder Unverträglichkeit gegenüber einem der Bestandteile. Während der Schwangerschaft und Stillzeit wird empfohlen  das Produkt nur nach Absprache mit dem Arzt anzuwenden. Das Produkt darf bei Kindern unter 14 Jahren nicht angewendet werden. Die empfohlene Dosierung darf nicht überschritten werden!<br><br>  Wenn sich die Symptome nach drei Tagen nicht spürbar gebessert haben  sollten Sie die Einnahme abbrechen und sich an einen Arzt wenden. Ausserhalb der Reichweite von Kindern aufbewahren. Nehmen Sie Femannose<sup>®</sup> N nicht länger als 30 Tage ein. Wenn die Symptome weiter andauern  wenden Sie sich an einen Arzt. Jeder Portionsbeutel ist zur Einmalverwendung gedacht und sollte erst kurz vor der Verwendung geöffnet werden. <br><br> Sie können das Produkt  soweit vom Arzt nicht anders verordnet  während einer Schwangerschaft und Stillzeit verwenden. <br>    <br> <b> Informationen zu Inhaltsstoffen und Allergenen</b> <br> Das Produkt enthält:<br>    <li> Farbstoffe     <li> Zucker (-stoffe)    <br> <br> <b>Weitere Hinweise: </b><br> Das Produkt ist: <br>    <li> Für Diabetiker geeignet     <li> Für eine vegane Lebensweise geeignet",
    "pharmaceuticalForm": "Granulat",
    "quantity": "14 St",
    "inStock": true
  },
  {
    "mediaGroupImages": [
      {
        "type": "default",
        "media": {
          "px140": "https://media.docmorris.de/produkte-pzn/02200559/cetaphil-feuchtigkeitscreme-85-ml-02200559-default-140-1698436845@2x.webp",
          "px300": "https://media.docmorris.de/produkte-pzn/02200559/cetaphil-feuchtigkeitscreme-85-ml-02200559-default-300-1698436845@2x.webp",
          "px1000": "https://media.docmorris.de/produkte-pzn/02200559/cetaphil-feuchtigkeitscreme-85-ml-02200559-default-1000-1698436845@2x.webp",
          "px120": "https://media.docmorris.de/produkte-pzn/02200559/cetaphil-feuchtigkeitscreme-85-ml-02200559-default-140-1698436845@2x.webp",
          "px240": "https://media.docmorris.de/produkte-pzn/02200559/cetaphil-feuchtigkeitscreme-85-ml-02200559-default-300-1698436845@2x.webp"
        }
      }
    ],
    "price": 9.45,
    "basePrice": "111.18 €/l",
    "productName": "Cetaphil Creme 85 ml",
    "categorization": "",
    "code": "02200559",
    "companyName": "Galderma Laboratorium GmbH",
    "descriptionAsHtml": "Bei Cetaphil Feuchtigkeitscreme handelt es sich um eine Creme  von  Galderma Laboratorium GmbH. <br>    <h2>Cetaphil<sup>®</sup> Feuchtigkeitscreme  Schutz und Pflege für trockene und empfindliche Haut</h2>  <p>Die Cetaphil Feuchtigkeitscreme ist sowohl für Körper als auch Gesicht geeignet und enthält weder Farbstoffe noch Parfüm. Sie stärkt die natürliche Schutzschicht der Haut mit Sonnenblumenöl  Glycerin und Vitamin E und pflegt sie geschmeidig zart. Die Feuchtigkeitscreme ist auch als begleitende Hautpflege bei Rosazea  Psoriasis  Neurodermitis oder Akne geeignet. Gönnen Sie Ihrer empfindlichen Haut die sanften Reinigungs- und Pflegeprodukte von Cetaphil. Für ein schönes gesundes Hautgefühl und ein strahlendes Aussehen.</p>  <h2>Ihre tägliche Basispflege für gesunde Haut</h2>  <ul>  <li>Feuchtigkeitscreme für trockene bis sehr trockene und empfindliche Haut</li>  <li>94% der Verwender würden Cetaphil Feuchtigkeitscreme weiterempfehlen<sup>1</sup></li>  <li>Rückfettend und feuchtigkeitsspendend</li>  <li>Besonders verträglich  mit einem hautfreundlichen pH-Wert und Sonnenblumenöl</li>  <li>Die Nr. 1 Empfehlung von Dermatologen<sup>2</sup></li>  </ul><br><br>  <p>1 WOM i.A. von Galderma bei 1000 Konsumentinnen mit empfindlicher Haut (2020  trnd International GmbH  München). Im Test: Cetaphil Feuchtigkeitscreme</p>  <p>2 Umfrage i.A. von Galderma bei 518 niedergelassenen Dermatologen (2018  Marpinion GmbH  Oberhaching). Gestützte Befragung bezieht sich auf die Marke Cetaphil<sup>®</sup> .</p>       <h3> Cetaphil Feuchtigkeitscreme   - Intensive Pflege für trockene Haut  </h3> Die besonderen Inhaltsstoffe: <br>   <li>Sonnenblumenöl</li><li> Glycerin</li><li> Mandelöl</li><br> <br><br> <b>Anwendungshinweise: </b><br>    <h2>Wie oft sollte ich Cetaphil<sup>®</sup> Feuchtigkeitscreme anwenden </h2>  <p>Cetaphil Feuchtigkeitscreme ist eine besonders sanfte und verträgliche Hautpflege mit stärkender und feuchtigkeitsspendender Wirkung. Je nach Hautzustand empfehlen wir nach der Hautreinigung (z.B. mit der Cetaphil Reinigungslotion) morgens und/oder abends eine ausreichend große Menge auf die Haut aufzutragen. Sobald die Haut wieder ein wenig spannt oder juckt  sie also Durst hat  einfach nachcremen - ein Zuviel gibt es nicht. Sie kennen Ihre Haut am besten!</p>  <h2>Kann ich Cetaphil<sup>®</sup> Feuchtigkeitscreme auch bei chronischen Hautproblemen anwenden </h2>  <p>Die Cetaphil Feuchtigkeitscreme ist Teil unserer medizinischen Hautpflegeserie für trockene und empfindliche Haut und kann auch zur begleitenden Pflege bei Hautkrankheiten (z. B. Neurodermitis  Rosazea  Akne) genutzt werden. Je nach Art und Intensität der Hautprobleme bietet Cetaphil auch weitere dermatologische Pflegeprodukte.</p>  Das Produkt eignet sich besonders für: Trockene  empfindliche Haut. <br>     <h3>Cetaphil Feuchtigkeitscreme - günstig und einfach online bei DocMorris kaufen. </h3> Die Creme hat eine weiße Farbe  .     <br> Die Creme  optimalerweise dunkel und trocken aufbewahren. Die Temperatur zur Aufbewahrung sollte Raumtemperatur sein. <br> Sie können das Produkt  soweit vom Arzt nicht anders verordnet  während einer Schwangerschaft und Stillzeit verwenden. <br>    <br> <b> Informationen zu Inhaltsstoffen und Allergenen</b> <br> Das Produkt enthält:<br>    <li> Konservierungsstoffe     <br> <br> <b>Weitere Hinweise: </b><br> Das Produkt ist: <br>    <li> Für eine vegane Lebensweise geeignet",
    "pharmaceuticalForm": "Creme",
    "quantity": "85 ml",
    "inStock": true
  },
  {
    "mediaGroupImages": [
      {
        "type": "default",
        "media": {
          "px140": "https://media.docmorris.de/produkte-pzn/16652236/roche-posay-effaclar-hochkonzentriertes-30-ml-16652236-default-140-1683663621@2x.webp",
          "px300": "https://media.docmorris.de/produkte-pzn/16652236/roche-posay-effaclar-hochkonzentriertes-30-ml-16652236-default-300-1683663621@2x.webp",
          "px1000": "https://media.docmorris.de/produkte-pzn/16652236/roche-posay-effaclar-hochkonzentriertes-30-ml-16652236-default-1000-1683663621@2x.webp",
          "px120": "https://media.docmorris.de/produkte-pzn/16652236/roche-posay-effaclar-hochkonzentriertes-30-ml-16652236-default-140-1683663621@2x.webp",
          "px240": "https://media.docmorris.de/produkte-pzn/16652236/roche-posay-effaclar-hochkonzentriertes-30-ml-16652236-default-300-1683663621@2x.webp"
        }
      }
    ],
    "price": 38.85,
    "basePrice": "1295.00 €/l",
    "productName": "Roche Posay Effaclar Hochkonzentriertes Serum 30 ml",
    "categorization": "",
    "code": "16652236",
    "companyName": "L'Oreal Deutschland GmbH",
    "descriptionAsHtml": "<h2> LA ROCHE-POSAY Effaclar Hochkonzentriertes Serum </h2>      Bei LA ROCHE-POSAY Effaclar Hochkonzentriertes Serum handelt es sich um ein Serum von La Roche Posay. <br> EFFACLAR HOCHKONZENTRIERTES SERUM von La Roche Posay ist ein Serum für zu Erwachsenen-Akne neigende Haut  das Mitesser  Pickel und vergrößerte Poren mildert. Die Formel kombiniert peelende mit beruhigenden Wirkstoffen. Mithilfe des keratolytischen Komplexes mit Salicylsäure  Glycolsäure und LHA befreit das Serum für fettige Haut verstopfte Poren  verbessert die Ausstrahlung und wirkt dunklen Malen entgegen. Das EFFACLAR HOCHKONZENTRIERTE SERUM mit drei Säuren Komplex peelt die Haut sanft während Niacinamid intensiv beruhigt. Das Serum gegen Pickel ist auch für empfindliche Haut geeignet.      <h3> LA ROCHE-POSAY Effaclar Hochkonzentriertes Serum - Wirkt Pickeln  Unreinheiten und Mitessern entgegen </h3> <br><br> <b>Anwendungshinweise: </b><br> Tragen Sie das Serum für unreine Haut abends nach der Reinigung auf Ihr Gesicht auf. <br>      <h3>LA ROCHE-POSAY Effaclar Hochkonzentriertes Serum - günstig und einfach online bei DocMorris kaufen. </h3> <br> <b>Warnhinweise: </b> Augenpartie aussparen. Bei Augenkontakt sofort mit Wasser gründlich ausspülen. Bei Anwendung dieses Produkts kann Ihre Haut empfindlicher auf Sonnenlicht reagieren. In Kombination mit einem Lichtschutz verwenden (  LSF 15). Das Produkt enthält hochkonzentrierte Wirkstoffe  tritt bei der Anwendung ein unangenehmes Hautgefühl auf  sollte das Produkt seltener angewendet werden. <br><br>",
    "pharmaceuticalForm": "Konzentrat",
    "quantity": "30 ml",
    "inStock": true
  },
  {
    "mediaGroupImages": [
      {
        "type": "default",
        "media": {
          "px140": "https://media.docmorris.de/produkte-pzn/14060537/vichy-liftactiv-collagen-specialist-crem-50-ml-14060537-default-140-1680638740@2x.webp",
          "px300": "https://media.docmorris.de/produkte-pzn/14060537/vichy-liftactiv-collagen-specialist-crem-50-ml-14060537-default-300-1680638740@2x.webp",
          "px1000": "https://media.docmorris.de/produkte-pzn/14060537/vichy-liftactiv-collagen-specialist-crem-50-ml-14060537-default-1000-1680638740@2x.webp",
          "px120": "https://media.docmorris.de/produkte-pzn/14060537/vichy-liftactiv-collagen-specialist-crem-50-ml-14060537-default-140-1680638740@2x.webp",
          "px240": "https://media.docmorris.de/produkte-pzn/14060537/vichy-liftactiv-collagen-specialist-crem-50-ml-14060537-default-300-1680638740@2x.webp"
        }
      }
    ],
    "price": 39.42,
    "basePrice": "788.40 €/l",
    "productName": "Vichy Liftactiv Collagen Specialist 50 ml",
    "categorization": "",
    "code": "14060537",
    "companyName": "L'Oreal Deutschland GmbH",
    "descriptionAsHtml": "<h2>   Vichy Liftactiv Collagen Specialist </h2>     Bei Vichy Liftactiv Collagen Specialist handelt es sich um eine Creme  von  L Oreal Deutschland GmbH. <br> LIFTACTIV Collagen Specialist Anti-Falten Creme von Vichy <br>  Die hochwirksame Anti-Aging Gesichtspflege wirkt den Anzeichen der Hautalterung entgegen. Sie mildert feine Linien und Falten und verleiht reifer Haut mehr Spannkraft. Die Gesichtskonturen wirken redefiniert und die Haut erscheint straffer  jugendlicher sowie ebenmäßiger.  <br><br>  Anti-Aging Gesichtspflege für reife Haut<br>  Vichy LIFTACTIV Collagen Specialist besitzt eine effektive Formel mit hoher Konzentration an natürlichen Aktivstoffen: Anti-Aging-Biopeptide und antioxidatives Vitamin C stimulieren die hauteigene Kollagen-Produktion und fördern die Zellerneuerung. Vulkanisches Wasser aus Vichy mit 15 Mineralien stärkt die Hautbarriere.       <h3> Vichy Liftactiv Collagen Specialist   - Mildert sichtbar Anzeichen der Hautalterung und des Kollagenverlustes der Haut  </h3>    <br><br> <b>Anwendungshinweise: </b><br> Verwenden Sie die Vichy LIFTACTIV Collagen Specialist Anti-Falten Creme morgens und abends. Sie eignet sich zur Anwendung bei allen Hauttypen  auch bei empfindlicher Haut. Zunächst wird das Gesicht gereinigt. Tragen Sie die Textur sanft in kreisenden Bewegungen auf das Gesicht  den Hals und das Dekolleté auf. Die Anti-Aging Gesichtspflege von Vichy eignet sich auch als Grundlage für Ihr Make-up. <br> Das Produkt eignet sich besonders für: Reife Haut. <br>     <h3>Vichy Liftactiv Collagen Specialist - günstig und einfach online bei DocMorris kaufen. </h3>    <br>  <b>Warnhinweise: </b> Die Augenpartie aussparen. <br><br>",
    "pharmaceuticalForm": "Creme",
    "quantity": "50 ml",
    "inStock": true
  },
  {
    "mediaGroupImages": [
      {
        "type": "default",
        "media": {
          "px140": "https://media.docmorris.de/produkte-pzn/07127301/cetaphil-lotion-460-ml-07127301-default-140-1701253135@2x.webp",
          "px300": "https://media.docmorris.de/produkte-pzn/07127301/cetaphil-lotion-460-ml-07127301-default-300-1701253135@2x.webp",
          "px1000": "https://media.docmorris.de/produkte-pzn/07127301/cetaphil-lotion-460-ml-07127301-default-1000-1701253135@2x.webp",
          "px120": "https://media.docmorris.de/produkte-pzn/07127301/cetaphil-lotion-460-ml-07127301-default-140-1701253135@2x.webp",
          "px240": "https://media.docmorris.de/produkte-pzn/07127301/cetaphil-lotion-460-ml-07127301-default-300-1701253135@2x.webp"
        }
      }
    ],
    "price": 21.8,
    "basePrice": "47.39 €/l",
    "productName": "Cetaphil Lotion 460 ml",
    "categorization": "",
    "code": "07127301",
    "companyName": "Galderma Laboratorium GmbH",
    "descriptionAsHtml": "Bei Cetaphil Feuchtigkeitslotion handelt es sich um eine Lotion  von  Galderma Laboratorium GmbH. <br>    <h2>Cetaphil<sup>®</sup> Feuchtigkeitslotion  Für empfindliche und trockene Haut</h2>  <p>Die Cetaphil Feuchtigkeitslotion spendet trockener  empfindlicher Haut langanhaltend Feuchtigkeit und stärkt die natürliche Barrierefunktion der Haut. Die Lotion zieht schnell ein und hinterlässt ein erfrischend leichtes und beruhigtes Hautgefühl. Die Haut wird geschmeidig weich und kann sich von alltäglichen Strapazen erholen. Die parfüm&shy - und lanolinfreie Formulierung ist besonders geeignet für empfindliche und trockene Haut.</p>  <h2>Vorteile der Cetaphil<sup>®</sup> Feuchtigkeitslotion</h2>  <ul>  <li>Mit wertvollem Avocadoöl  Glycerin und ProVitamin B5 (Dexpanthenol)</li>  <li>Schnell einziehende  ultra-leichte Textur</li>  <li>Hinterlässt ein weiches  gepflegtes Hautgefühl</li>  <li>Ohne Parfüm</li>  <li>Im praktischen Pumpspender</li>  </ul><br>  <p>1 Umfrage i.A. von Galderma bei 518 niedergelassenen Dermatologen (2018  Marpinion GmbH  Oberhaching). Gestützte Befragung bezieht sich auf die Marke Cetaphil<sup>®</sup></p>       <h3> Cetaphil Feuchtigkeitslotion   - Für empfindliche und trockene Haut  </h3> Die besonderen Inhaltsstoffe: <br>   <li>Avocadoöl</li><li> Glycerin</li><li> Panthenol</li><br> <br><br> <b>Anwendungshinweise: </b><br>    <h2>Anwendungsempfehlung für die Cetaphil<sup>®</sup> Feuchtigkeitslotion</h2>  <p>Die Cetaphil Feuchtigkeitslotion dient der täglichen Pflege und dem Schutz der eigenen Hautbarriere. Je nach Bedarf empfehlen wir die Bodylotion nach dem Duschen (z.B. mit der Cetaphil Reinigungslotion) großflächig auf die trockene Haut aufzutragen. Ob die Haut rissig  schuppig oder gerötet ist und wie viel oberflächliche Pflege benötigt wird  hängt sehr stark vom Hauttyp ab. Strapazierte oder alternde Haut kann demnach öfter zusätzliche Feuchtigkeit von außen benötigen.</p>  <p><strong>Tipp:</strong> Mit dem praktischen Pumpspender der Cetaphil Feuchtigkeitslotion kann je nach Bedürfnis die passende Menge besonders hygienisch für einzelne Stellen oder den ganzen Körper dosiert werden.</p> <br> Das Produkt eignet sich besonders für: Trockene  empfindliche Haut. <br>     <h3>Cetaphil Feuchtigkeitslotion - günstig und einfach online bei DocMorris kaufen. </h3> Die Lotion hat eine weiße Farbe  .     <br> Die Lotion  optimalerweise dunkel und trocken aufbewahren. Die Temperatur zur Aufbewahrung sollte Raumtemperatur sein. <br> Sie können das Produkt  soweit vom Arzt nicht anders verordnet  während einer Schwangerschaft und Stillzeit verwenden. <br>    <br> <b> Informationen zu Inhaltsstoffen und Allergenen</b> <br> Das Produkt enthält:<br>    <li> Duftstoffe     <li> Konservierungsstoffe     <br> <br> <b>Weitere Hinweise: </b><br> Das Produkt ist: <br>    <li> Für eine vegane Lebensweise geeignet",
    "pharmaceuticalForm": "Lotion",
    "quantity": "460 ml",
    "inStock": true
  },
  {
    "mediaGroupImages": [
      {
        "type": "default",
        "media": {
          "px140": "https://media.docmorris.de/produkte-pzn/16507801/avene-tolerance-control-creme-40-ml-16507801-default-140-1711138347@2x.webp",
          "px300": "https://media.docmorris.de/produkte-pzn/16507801/avene-tolerance-control-creme-40-ml-16507801-default-300-1711138347@2x.webp",
          "px1000": "https://media.docmorris.de/produkte-pzn/16507801/avene-tolerance-control-creme-40-ml-16507801-default-1000-1711138347@2x.webp",
          "px120": "https://media.docmorris.de/produkte-pzn/16507801/avene-tolerance-control-creme-40-ml-16507801-default-140-1711138347@2x.webp",
          "px240": "https://media.docmorris.de/produkte-pzn/16507801/avene-tolerance-control-creme-40-ml-16507801-default-300-1711138347@2x.webp"
        }
      }
    ],
    "price": 24.6,
    "basePrice": "615.00 €/l",
    "productName": "Avene Tolerance Control Creme 40 ml",
    "categorization": "",
    "code": "16507801",
    "companyName": "PIERRE FABRE DERMO KOSMETIK GmbH",
    "descriptionAsHtml": "Bei überempfindlicher Haut kann die natürliche Schutzfunktion der obersten Hautschicht eingeschränkt sein. Die Haut reagiert auf äußere Einflüsse mit Irritationen wie Rötungen  Jucken oder Brennen. Die Avene Creme für überempfindliche Haut kann helfen  das natürliche Gleichgewicht wiederherzustellen. Der neue Aktivstoff Parcerine wirkt auf die Mechanismen ein  die Irritationen  Spannungsgefühle oder Juckreiz auslösen können. Die schützende Barriereschicht der durchlässigen obersten Hautschicht kann wiederhergestellt werden. Die leichte Textur zieht schnell ein und fettet nicht. Die Creme ist frei von Alkohol  Duft- und Konservierungsstoffen. Der pH-Wert beträgt 5 8.",
    "pharmaceuticalForm": "Creme",
    "quantity": "40 ml",
    "inStock": true
  },
  {
    "mediaGroupImages": [
      {
        "type": "default",
        "media": {
          "px140": "https://media.docmorris.de/produkte-pzn/17874157/doppelherz-glucosamin-1200-duo-system-ko-120-st-17874157-default-140-1691181134@2x.webp",
          "px300": "https://media.docmorris.de/produkte-pzn/17874157/doppelherz-glucosamin-1200-duo-system-ko-120-st-17874157-default-300-1691181134@2x.webp",
          "px1000": "https://media.docmorris.de/produkte-pzn/17874157/doppelherz-glucosamin-1200-duo-system-ko-120-st-17874157-default-1000-1691181134@2x.webp",
          "px120": "https://media.docmorris.de/produkte-pzn/17874157/doppelherz-glucosamin-1200-duo-system-ko-120-st-17874157-default-140-1691181134@2x.webp",
          "px240": "https://media.docmorris.de/produkte-pzn/17874157/doppelherz-glucosamin-1200-duo-system-ko-120-st-17874157-default-300-1691181134@2x.webp"
        }
      }
    ],
    "price": 42.46,
    "basePrice": "0.35 €/St",
    "productName": "Doppelherz Glucosamin 1200 Duo System 120 St",
    "categorization": "",
    "code": "17874157",
    "companyName": "Queisser Pharma GmbH & Co. KG",
    "descriptionAsHtml": "<h2>Doppelherz system Gelenk 1200 von Queisser Pharma GmbH</h2>Unser Bewegungsapparat mit seinen Gelenken  Knorpeln  Muskeln  Sehnen und Bändern wird jeden Tag gefordert. Einseitige Beanspruchung  Übergewicht und zunehmendes Alter sind belastende Faktoren. Für den Erhalt der Mobilität und Lebensqualität in jedem Alter können eine ausreichende  schonende Bewegung sowie eine gesunde Ernährung einen Beitrag leisten.  Doppelherz system Gelenk 1200 enthält Vitamin C  Vitamin D  Vitamin K und die Spurenelemente Zink  Kupfer  Mangan und Selen. Zusätzlich sind 1200 mg Glucosaminhydrochlorid  200 mg Chondroitinsulfat  50 mg Hyaluronsäure sowie die Enzyme Bromelain und Papain enthalten.  Das Tabletten-Kapsel-System von Doppelherz besteht aus einer gut schluckbaren Tablette und einer leicht einzunehmenden Kapsel.",
    "pharmaceuticalForm": "Kombipackung",
    "quantity": "120 St",
    "inStock": true
  },
  {
    "mediaGroupImages": [
      {
        "type": "default",
        "media": {
          "px140": "https://media.docmorris.de/produkte-pzn/18029926/cerave-feuchtigkeitsspendende-gesichtscr-52-ml-18029926-default-140-1680638979@2x.webp",
          "px300": "https://media.docmorris.de/produkte-pzn/18029926/cerave-feuchtigkeitsspendende-gesichtscr-52-ml-18029926-default-300-1680638979@2x.webp",
          "px1000": "https://media.docmorris.de/produkte-pzn/18029926/cerave-feuchtigkeitsspendende-gesichtscr-52-ml-18029926-default-1000-1680638979@2x.webp",
          "px120": "https://media.docmorris.de/produkte-pzn/18029926/cerave-feuchtigkeitsspendende-gesichtscr-52-ml-18029926-default-140-1680638979@2x.webp",
          "px240": "https://media.docmorris.de/produkte-pzn/18029926/cerave-feuchtigkeitsspendende-gesichtscr-52-ml-18029926-default-300-1680638979@2x.webp"
        }
      }
    ],
    "price": 17.57,
    "basePrice": "337.88 €/l",
    "productName": "Cerave Feuchtigkeitsspendende Gesichtscreme Spf50 52 ml",
    "categorization": "",
    "code": "18029926",
    "companyName": "L'Oreal Deutschland GmbH",
    "descriptionAsHtml": "<h2> CeraVe Gesichtscreme Tag LSF 50 </h2>     Bei CeraVe Gesichtscreme Tag LSF 50 handelt es sich um eine Creme von L oreal Deutschland. <br> CeraVe Feuchtigkeitsspendende Gesichtscreme mit LSF 50 für normale bis trockene Haut <br> Die CeraVe Feuchtigkeitscreme mit LSF 50 schützt normale und trockene Haut vor täglicher UVA- und UVB-Strahlung und Umwelteinwirkungen. Drei essenzielle Ceramide helfen bei der Erneuerung der Hautschutzbarriere und in Kombination mit der MVE-Technologie wird die Haut kontinuierlich und intensiv mit Feuchtigkeit versorgt - bis zu 24 Stunden. <br><br> Angenehm leichte Textur mit Vitamin E und Niacinamiden<br> Die angenehme Formel mit Vitamin E und Niacinamiden wirkt beruhigend und ist besonders leicht aufzutragen. Auf Duftstoffe und Parabene wird verzichtet  die Gesichtscreme ist außerdem nicht-komodogen.     <h3> CeraVe Gesichtscreme Tag LSF 50 - Die CeraVe Feuchtigkeitsspendende Gesichtscreme mit LSF 50 schützt gegen UV Strahlung und wirkt lichtbedingten Hautalterungserscheinungen entgegen. </h3> <br><br> <b>Anwendungshinweise: </b><br> Die CeraVe Feuchtigkeitsspendende Gesichtscreme mit LSF 50 kann als Tagescreme verwendet werden. Eine kleine Menge der Hautcreme wird morgens auf die gereinigte Gesichtshaut aufgetragen und anschließend leicht einmassiert. Die Augenpartie sollte dabei ausgespart werden. Bei Augenkontakt die Augen umgehend gründlich mit klarem Wasser ausspülen. Bei Bedarf ebenfalls auf Hals- und Nackenpartie anwenden. <br> Das Produkt eignet sich besonders für: Trockene Haut. <br>     <h3>CeraVe Gesichtscreme Tag LSF 50 - günstig und einfach online bei DocMorris kaufen. </h3>",
    "pharmaceuticalForm": "Creme",
    "quantity": "52 ml",
    "inStock": true
  },
  {
    "mediaGroupImages": [
      {
        "type": "default",
        "media": {
          "px140": "https://media.docmorris.de/produkte-pzn/10057900/avene-cleanance-hydra-beruhig-feuchtigke-40-ml-10057900-default-140-1711137903@2x.webp",
          "px300": "https://media.docmorris.de/produkte-pzn/10057900/avene-cleanance-hydra-beruhig-feuchtigke-40-ml-10057900-default-300-1711137903@2x.webp",
          "px1000": "https://media.docmorris.de/produkte-pzn/10057900/avene-cleanance-hydra-beruhig-feuchtigke-40-ml-10057900-default-1000-1711137903@2x.webp",
          "px120": "https://media.docmorris.de/produkte-pzn/10057900/avene-cleanance-hydra-beruhig-feuchtigke-40-ml-10057900-default-140-1711137903@2x.webp",
          "px240": "https://media.docmorris.de/produkte-pzn/10057900/avene-cleanance-hydra-beruhig-feuchtigke-40-ml-10057900-default-300-1711137903@2x.webp"
        }
      }
    ],
    "price": 19.85,
    "basePrice": "496.25 €/l",
    "productName": "Avene Cleanance Hydra Beruhig. Feuchtigkeitspflege 40 ml",
    "categorization": "",
    "code": "10057900",
    "companyName": "PIERRE FABRE DERMO KOSMETIK GmbH",
    "descriptionAsHtml": "<h2>   Avène Cleanance HYDRA Beruhigende Feuchtigkeitspflege </h2>    Bei Avène Cleanance HYDRA Beruhigende Feuchtigkeitspflege handelt es sich um Feuchtigkeitspflege  von  Pierre Fabre Dermo-Kosmetik GmbH. <br> Die Cleanance HYDRA Beruhigende Feuchtigkeitspflege hat feuchtigkeitsspendende und regenerierende Eigenschaften und wirkt somit gegen die hautreizenden Effekte medizinischer Aknebehandlungen.  <br><br>  Indikation:<br>  In der Pubertät kommt es meist zu Hautunreinheiten  in vielen Fällen zu Pickeln und akneähnlichen Zuständen mit Entzündungen und Narbenbildung. Zwar sind überwiegend junge Menschen von Akne betroffen  doch auch Frauen und Männer im Alter von über 25 Jahren leiden zunehmend darunter.<br>  Hautunreinheiten entstehen aus einer überwiegend hormonell bedingten  übermäßigen Talgproduktion (Hyperseborrhoe)  die sich in fettig glänzender Haut zeigt. Durch eine Verhornungsstörung der Talgdrüsenfollikel (follikuläre Hyperkeratose) kann der Talg nicht mehr abfließen  weshalb sich Mikrokomedone unter der Haut bilden. Diese scheinen je nach Zustand weißlich oder schwarz (\"Mitesser\"). Eine vermehrte Besiedelung mit dem Bakterium C. acnes kann schließlich zu entzündlichen Prozessen und zur Entstehung von Papeln und Pusteln führen  die oft nur unter Narbenbildung wieder abheilen. <br>  Bei schweren Formen der Akne kann eine medizinische Aknebehandlung beim Dermatologen notwendig sein. Antibiotika oder Vitamin A-Präparate (z.B Isotretinoin und Retinoide) beseitigen Pickel  Pusteln und Papeln meist rasch  trocknen die Haut jedoch stark aus. Viele Akne-Patienten bekommen es deshalb mit Hautrötungen  Juckreiz und Abschuppungen zu tun.  <br><br>  Um den Effekten der medizinischen Aknebehandlung entgegenzuwirken benötigt die Haut sanfte Pflegeprodukte  die den Feuchtigkeitsspeicher der Haut wieder auffüllen und die Hautbarriere wiederherstellen.  <br><br>  Produktvorteile:<br>  Die Cleanance HYDRA Beruhigende Feuchtigkeitspflege hydratisiert die Epidermis und sorgt für ein angenehmes Hautgefühl.  <br><br>  Aktivstoffe und Wirkweise des Produkts:<br>  Die Cleanance HYDRA Beruhigende Feuchtigkeitspflege mit 50 % hautberuhigendem  reizlindernden und entzündungshemmenden Avène Thermalwasser enthält außerdem Glycoleol  das reich an essenziellen Fettsäuren ist und die schützende Hautbarriere wiederherstellt. Darüber hinaus mindert Dextransulfat Irritationen und Rötungen  die durch eine austrocknende Behandlung entstanden sind. <br>  Der Hydrolipidfilm der Haut wird regeneriert und ihr Wohlbefinden wird wiederhergestellt. Für ein angenehm gepflegtes Hautgefühl.      <h3> Avène Cleanance HYDRA Beruhigende Feuchtigkeitspflege   - Reichhaltige  pflegende  nicht fettende Feuchtigkeitspflege </h3>   <br><br> <b>Anwendungshinweise: </b><br> Morgens und/oder abends auf das zuvor mit der Cleanance HYDRA Beruhigende Reinigungscreme gereinigte Gesicht auftragen. <br>    <h3>Avène Cleanance HYDRA Beruhigende Feuchtigkeitspflege - günstig und einfach online bei DocMorris kaufen. </h3>",
    "pharmaceuticalForm": "Creme",
    "quantity": "40 ml",
    "inStock": true
  },
  {
    "mediaGroupImages": [
      {
        "type": "default",
        "media": {
          "px140": "https://media.docmorris.de/produkte-pzn/12741428/vitamin-b-complex-hochdosiert-vegan-tabl-180-st-12741428-default-140-1678478781@2x.webp",
          "px300": "https://media.docmorris.de/produkte-pzn/12741428/vitamin-b-complex-hochdosiert-vegan-tabl-180-st-12741428-default-300-1678478781@2x.webp",
          "px1000": "https://media.docmorris.de/produkte-pzn/12741428/vitamin-b-complex-hochdosiert-vegan-tabl-180-st-12741428-default-1000-1678478781@2x.webp",
          "px120": "https://media.docmorris.de/produkte-pzn/12741428/vitamin-b-complex-hochdosiert-vegan-tabl-180-st-12741428-default-140-1678478781@2x.webp",
          "px240": "https://media.docmorris.de/produkte-pzn/12741428/vitamin-b-complex-hochdosiert-vegan-tabl-180-st-12741428-default-300-1678478781@2x.webp"
        }
      }
    ],
    "price": 15.27,
    "basePrice": "0.08 €/St",
    "productName": "Vitamin B-complex Hochdosiert Vegan 180 St",
    "categorization": "",
    "code": "12741428",
    "companyName": "Vitamaze GmbH",
    "descriptionAsHtml": "<h2> Vitamin B: gemeinsam stärker für Vitalität und starke Nerven   </h2>    Bei Vitamin B-Complex hochdosiert vegan handelt es sich um Tabletten  von  Vitamaze GmbH. <br> Ein Vitamin B-Mangel muss nicht sein: Unser Vitamin B-Komplex bietet alle B-Vitamine in nur einer kleinen Tablette. Sie unterstützen Ihre Vitalität  Ihr Immunsystem und Ihre Haut  Haare und Nägel. Da B-Vitamine eng zusammen wirken  ist es wichtig mit allen B-Vitamine gleichermaßen gut versorgt zu sein. So können Sie Mangelerscheinungen durch Vitamin B-Mangel entgegen wirken.      <h3> Vitamin B-Complex hochdosiert vegan   - Alle B Vitamine B1  B2  B3  B5  B6  B7  B9  B12 in einer kleinen Tablette </h3> Die besonderen Inhaltsstoffe: <br>  <li>Vitamin B1</li><li> Vitamin B2</li><li> Vitamin B3</li><li> Vitamin B5</li><li> Vitamin B6</li><li> Vitamin B7</li><li> Vitamin B9</li><li> Vitamin B12</li><br> Falls vom Arzt nicht anders verordnet  ist Vitamin B-Complex hochdosiert vegan 1  mal  täglich zu verwenden.  <br> <br> Nahrungsergänzungsmittel sind kein Ersatz für eine ausgewogene und abwechslungsreiche Ernährung und eine gesunde Lebensweise. Die angegebene empfohlene tägliche Verzehrsmenge darf nicht überschritten werden. <br>     <br><b>Verzehrempfehlung: </b><br> Wir empfehlen den Verzehr von einer Tablette Vitamaze Vitamin B-Complex täglich mit jeweils 1-2 Gläsern Wasser (300-400 ml).     <h3>Vitamin B-Complex hochdosiert vegan - günstig und einfach online bei DocMorris kaufen. </h3> Die Tabletten hat eine gelbe Farbe  . <br> Die Tabletten  optimalerweise vor direkter Sonneneinstrahlung geschützt und trocken  außerhalb der Reichweite von Kindern aufbewahren. Die Temperatur zur Aufbewahrung sollte 5 bis 25 °C sein. <br> <br>  <b>Warnhinweise: </b> Nahrungsergänzungsmittel sind kein Ersatz für eine ausgewogene und abwechslungsreiche Ernährung und eine gesunde Lebensweise. Die angegebene empfohlene tägliche Verzehrmenge darf nicht überschritten werden. <br><br> <br> <br> <b>Weitere Hinweise: </b><br> Das Produkt ist: <br> <li> Für Diabetiker geeignet <li> Für eine vegane Lebensweise geeignet",
    "pharmaceuticalForm": "Tabletten",
    "quantity": "180 St",
    "inStock": true
  },
  {
    "mediaGroupImages": [
      {
        "type": "default",
        "media": {
          "px140": "https://media.docmorris.de/produkte-pzn/04402020/hoggar-night-tabletten-10-st-04402020-default-140-1667373793@2x.webp",
          "px300": "https://media.docmorris.de/produkte-pzn/04402020/hoggar-night-tabletten-10-st-04402020-default-300-1667373793@2x.webp",
          "px1000": "https://media.docmorris.de/produkte-pzn/04402020/hoggar-night-tabletten-10-st-04402020-default-1000-1667373793@2x.webp",
          "px120": "https://media.docmorris.de/produkte-pzn/04402020/hoggar-night-tabletten-10-st-04402020-default-140-1667373793@2x.webp",
          "px240": "https://media.docmorris.de/produkte-pzn/04402020/hoggar-night-tabletten-10-st-04402020-default-300-1667373793@2x.webp"
        }
      }
    ],
    "price": 9.22,
    "basePrice": "0.92 €/St",
    "productName": "Hoggar Night Tabletten 10 St",
    "categorization": "N1",
    "code": "04402020",
    "companyName": "STADA Consumer Health Deutschland GmbH",
    "descriptionAsHtml": "<h3> Hoggar - Ihr Schlafexperte </h3>      Bei Hoggar Night Tabletten handelt es sich um Tabletten von STADA GMBH. <br> <h3>WARUM IST EIN GESUNDER SCHLAF SO WICHTIG </h3> <p>Schlaf stellt für den gesamten Körper eine Erholungs- und Regenerationsphase dar. Guter Schlaf ist damit nicht nur wichtig  um unsere Leistungsfähigkeit zu bewahren  sondern dient auch dazu  frühzeitige körperliche und geistige Alterungsprozesse zu vermeiden und Erkrankungen vorzubeugen. Durch einen gesunden Schlaf kann die Gedächtnisleistung verbessert  Stress reduziert  die Kreativität gesteigert und sogar die Lebensdauer verlängert werden.</p> <h4>DIENT ZUR KURZZEITBEHANDLUNG VON SCHLAFSTÖRUNGEN</h4> <ul><li> Schneller Wirkeintritt schon nach 30 Minuten</li> <li> Wasserlose Einnahme bei Schluckbeschwerden</li> <li> Sorgt für eine erholsame Nacht</li> <li> Gute Verträglichkeit</li> <li> Kein Hangover am nächsten Tag (bei Einhaltung einer entsprechenden Schlafdauer)</li> <li> Macht nicht körperlich abhängig</li></ul> <h4>FIT UND VITAL AM NÄCHSTEN TAG - OHNE HANGOVER</h4> <p>Die Hoggar<sup>®</sup> Night Schmelztablette kann bei akuten Schlafstörungen eine geeignete  gut verträgliche und schnelle Hilfe sein. Hoggar<sup>®</sup> Night enthält den Wirkstoff Doxylamin  ein Anti-Histaminikum. Dieser hemmt den Einfluss der körpereigenen Wach-Substanz Histamin auf den Körper und sorgt dadurch für eine erholsame Nacht. Hoggar<sup>®</sup> Night hat eine Wirkdauer von ca. 3 von 6 Stunden. Bei Einnahme ca. 1 Stunde vor dem Zubettgehen und einer ausreichenden Schlafdauer von 7 bis 8 Stunden ist in der Regel keine Beeinträchtigung wie Hangover oder verminderte Leistungsfähigkeit am nächsten Tag zu befürchten. Eher im Gegenteil: Durch einen erholsamen Schlaf fühlt man sich am nächsten Morgen wacher und frischer.</p>      <h3> Hoggar Night Tabletten - Sorgt für eine erholsame Nacht </h3> <br><br> <b>Anwendungshinweise: </b><br> <p>Von Hoggar<sup>®</sup> Night sollten 1-2 Schmelztabletten ca. 1 2 bis 1 Stunde vor dem Schlafengehen eingenommen werden. Es ist darauf zu achten  dass nach der Einnahme des Arzneimittels für eine ausreichende Schlafdauer gesorgt wird  um eine Beeinträchtigung des Reaktionsvermögens am folgenden Morgen zu vermeiden.</p> <br>      <h3>Hoggar Night Tabletten - günstig und einfach online bei DocMorris kaufen. </h3> <br> <b> Informationen zu Inhaltsstoffen und Allergenen</b> <br> Das Produkt enthält:<br> <li> Gelatine <li> Laktose <li> Soja<br><br>  <h3>Pflichttext:</h3>  <p><b>Hoggar<sup>®</sup> Night 25 mg Doxylaminsuccinat Tabletten</b><br>  <b>Wirkstoff:</b>Doxylaminsuccinat.  Zur Kurzzeitbehandlung von Schlafstörungen. <b>Hinweis:</b> Nicht alle Schlafstörungen bedürfen einer medikamentösen Therapie. Oftmals sind sie Ausdruck körperlicher oder seelischer Erkrankungen und können durch andere Maßnahmen oder eine Therapie der Grundkrankheit beeinflusst werden. Deshalb sollte bei länger anhaltenden Schlafstörungen keine Dauerbehandlung mit Hoggar® Night erfolgen  sondern der behandelnde Arzt aufgesucht werden. Nicht ohne Befragen des Arztes über längere Zeit oder in höheren Dosierungen als angegeben einnehmen. Enthält Lactose.</p>    <p>Zu Risiken und Nebenwirkungen lesen Sie die Packungsbeilage und fragen Sie Ihre Ärztin  Ihren Arzt oder in Ihrer Apotheke.</p>    <p>STADA Consumer Health Deutschland GmbH  Stadastraße 2-18  61118 Bad Vilbel<br>  <b>Stand:</b> September 2019</p>",
    "pharmaceuticalForm": "Tabletten",
    "quantity": "10 St",
    "inStock": true
  },
  {
    "mediaGroupImages": [
      {
        "type": "default",
        "media": {
          "px140": "https://media.docmorris.de/produkte-pzn/18259081/roche-posay-cicaplast-baume-b5-40-ml-18259081-default-140-1678479016@2x.webp",
          "px300": "https://media.docmorris.de/produkte-pzn/18259081/roche-posay-cicaplast-baume-b5-40-ml-18259081-default-300-1678479016@2x.webp",
          "px1000": "https://media.docmorris.de/produkte-pzn/18259081/roche-posay-cicaplast-baume-b5-40-ml-18259081-default-1000-1678479016@2x.webp",
          "px120": "https://media.docmorris.de/produkte-pzn/18259081/roche-posay-cicaplast-baume-b5-40-ml-18259081-default-140-1678479016@2x.webp",
          "px240": "https://media.docmorris.de/produkte-pzn/18259081/roche-posay-cicaplast-baume-b5-40-ml-18259081-default-300-1678479016@2x.webp"
        }
      }
    ],
    "price": 11.3,
    "basePrice": "282.50 €/l",
    "productName": "Roche Posay Cicaplast Baume B5+ 40 ml",
    "categorization": "",
    "code": "18259081",
    "companyName": "L'Oreal Deutschland GmbH",
    "descriptionAsHtml": "<h3> La Roche Posay Cicaplast Baume B5+ </h3>      Bei La Roche Posay Cicaplast Baume B5+ handelt es sich um eine Creme von L Oreal Deutschland GmbH. <br> <p>Reparierende Wundsalbe für geschädigte  irritierte Haut CICAPLAST Baume B5+ ist eine regenerierende Salbe von La Roche Posay. Die Creme repariert die Haut  spendet Feuchtigkeit und unterstützt die Haut bei der Regeneration. Sie eignet sich für die Haut von Erwachsenen  Kindern und Babys. La Roche Posay CICAPLAST Baume B5+ Die Creme zeichnet sich durch eine besonders milde Formel aus und pflegt die empfindliche Haut am Körper  Gesicht und Lippen. Provitamin B5  auch als Dexpanthenol bezeichnet  wirkt regenerierend und beruhigend auf die Haut. Der Inhaltsstoff Madecassoside fördert die Zellerneuerung und Tribioma bringt das Mikrobiom empfindlicher Haut wieder ins Gleichgewicht.</p> <p>CICAPLAST Baume B5+ von La Roche Posay ist eine 3-in-1 Repairsalbe. Sie repariert die Haut  mildert Narben und unterstützt das Mikrobiom der Haut.<br> Die Salbe mildert die Anzeichen von Spannungsgefühlen oder Rötungen und sorgt so für ein angenehmeres sowie gepflegtes Hautgefühl.<br> Die Creme hat eine besonders sanfte Formel mit den Wirkstoffen Dexpanthenol (Vitamin B5)  Madecassoside  Tribioma und Thermalwasser.<br> Sie ist auf die Hautbedürfnisse von Erwachsenen  Kindern und Babys abgestimmt und kann zudem für Körper  Gesicht und Lippen angewendet werden.<br> La Roche Posay CICAPLAST Baume B5+ repariert und pflegt zugleich. Die angenehme Textur fettet nicht und hinterlässt keine weißen Rückstände.</p>      <h3> La Roche Posay Cicaplast Baume B5+ - Reparierende Creme für geschädigte und irritierte Haut </h3> Die besonderen Inhaltsstoffe: <br> <li>Dexpanthenol</li><li>Zink Gluconate</li><li>Tribioma</li><li>Madecassoside</li><li>Thermalwasser</li><br> <b>Anwendungshinweise: </b><br> <p>La Roche Posay CICAPLAST Baume B5+ für geschädigte und irritierte Haut kann bei verschiedenen Hautreizungen angewendet werden. Dabei eignet sich die reparierende Wundsalbe für gereizte Haut am Körper  im Gesicht und an den Lippen bei Erwachsenen  Kindern und Babys. Vor der Verwendung sollte die Haut gereinigt werden (wir empfehlen die Cicaplast B5 Lavant) und trocken sein. Anschließend kann die Wundsalbe auf die entsprechende Hautstelle aufgetragen  sanft verteilt und leicht einmassiert werden.</p> <br> Das Produkt eignet sich besonders für: Normale Haut  trockene Haut  sehr trockene Haut  empfindliche Haut  atopische Haut  schuppige Haut  juckende Haut  gereizte Haut  Neurodermitis  geschädigte  irritierte Haut. <br>      <h3>La Roche Posay Cicaplast Baume B5+ - günstig und einfach online bei DocMorris kaufen. </h3>",
    "pharmaceuticalForm": "Creme",
    "quantity": "40 ml",
    "inStock": true
  },
  {
    "mediaGroupImages": [
      {
        "type": "default",
        "media": {
          "px140": "https://media.docmorris.de/produkte-pzn/14171171/gingium-120-mg-filmtabletten-60-st-14171171-default-140-1672689852@2x.webp",
          "px300": "https://media.docmorris.de/produkte-pzn/14171171/gingium-120-mg-filmtabletten-60-st-14171171-default-300-1672689852@2x.webp",
          "px1000": "https://media.docmorris.de/produkte-pzn/14171171/gingium-120-mg-filmtabletten-60-st-14171171-default-1000-1672689852@2x.webp",
          "px120": "https://media.docmorris.de/produkte-pzn/14171171/gingium-120-mg-filmtabletten-60-st-14171171-default-140-1672689852@2x.webp",
          "px240": "https://media.docmorris.de/produkte-pzn/14171171/gingium-120-mg-filmtabletten-60-st-14171171-default-300-1672689852@2x.webp"
        }
      }
    ],
    "price": 45.08,
    "basePrice": "0.75 €/St",
    "productName": "Gingium 120 Mg Filmtabletten 60 St",
    "categorization": "N2",
    "code": "14171171",
    "companyName": "Hexal AG",
    "descriptionAsHtml": "<h3>Wie wirkt Ginkgo auf den Körper </h3>    <ul><li>Gingium® 120 mg steigert das Gedächtnis und die Konzentrationsfähigkeit bei abnehmender kognitiver Leistungsfähigkeit*</li>  <li>Gingium® agiert durch die Anregung der Blutzirkulation im Gehirn</li>  <li>Gingium® 120 mg wirkt durch die Kräftigung der Nervenzellen  indem es die Gehirnzellen vor sogenannten freien Radikalen schützt  die oxidativen Stress hervorrufen und somit die Zellen beschädigen</li>  <li>Mit Gingium® 120 mg können Sie Ohrgeräusche  auch Tinnitus** genannt  natürlich behandeln*</li>  <li>Dank der hochkonzentrierten Stärke des Ginkgo ist Gingium® 120 mg pflanzlich aktiv und gut verträglich</li></ul>  <p>*Bei nachlassender geistiger Leistungsfähigkeit (dementielles Syndrom)</p>    <b>Gingium® 120 mg: Nutzen Sie die natürliche Kraft der Pflanzen zur Unterstützung bei Gedächtnisschwäche* und Ohrgeräuschen**</b>    <p>Für die ordnungsgemäße Funktion des Gehirns sind ausreichende Nährstoffe und Sauerstoff unerlässlich. Gingium® 120 mg unterstützt dies  indem es die Durchblutung im Gehirn verbessert und dadurch das Gedächtnis und die Konzentration fördert.a Darüber hinaus kann Gingium® 120 mg durch die verbesserte Durchblutung auch die Regeneration des Innenohrs bei Tinnitus** unterstützen. Der hochwertige Spezialextrakt  der aus den Blättern des Ginkgo-Baums gewonnen wird  bietet eine hohe Konzentration natürlicher Wirkstoffe (Flavonglykoside  Terpenlactone) und zeichnet sich durch eine gute Verträglichkeit aus.</p>    <p><b>Bei Vergesslichkeit* frühzeitig handeln mit Gingium® 120 mg</b><br>  Das Vergessen ist ein normaler Prozess  da unser Gehirn in der Regel nur die Informationen speichert  die es benötigt. Während  normales  Vergessen sogar wichtig ist  kann übermäßige Vergesslichkeit* unseren Alltag beeinträchtigen. Im Laufe des Lebens kann sich dies verstärken. Damit das Gehirn seine vielfältigen Aufgaben bewältigen kann  benötigt es eine ausreichende Versorgung mit Sauerstoff und Nährstoffen. Durchblutungsstörungen  die im Alter häufig auftreten  können sich negativ auf die Gedächtnisleistung auswirken. Pflanzliche Präparate wie Gingium® 120 mg mit dem Spezialextrakt aus Ginkgo biloba helfen dabei  die Gehirnleistung* zu verbessern und sind gut verträglich.</p>    <p><b>Tinnitus** (Ohrengeräusche) mit der Pflanzenkraft von Ginkgo biloba natürlich behandeln</b><br> Zusätzlich zu Vergesslichkeit und Problemen mit der Konzentration können Durchblutungsstörungen auch zu Ohrgeräuschen führen. Besonders anfällig sind Menschen  die unter ständigem Druck stehen. Stress führt zur Ausschüttung von Stresshormonen im Körper. Dies führt zur Verengung der Blutgefäße und kann so eine Verstopfung der Gefäße fördern. Die Folge sind Durchblutungsstörungen.</p>    <p>* Bei nachlassender geistiger Leistungsfähigkeit (dementielles Syndrom).<br>  ** Für die unterstützende Therapie bei Tinnitus (Ohrgeräusche) infolge von Durchblutungsstörungen oder altersbedingten Rückbildungsvorgängen.</p>    <h4>Pflichttext:</h4>  <p><b>Gingium® 120 mg Filmtabletten: Wirkstoff:</b> Ginkgo-biloba-Blätter-Trockenextrakt. <b>Anwendungsgebiete:</b> Zur symptomatischen Behandlung von hirnorganisch bedingten geistigen Leistungseinbußen im Rahmen eines therapeutischen Gesamtkonzeptes bei Abnahme bzw. Verlust erworbener geistiger Fähigkeiten (dementiellen Syndromen) mit den Hauptbeschwerden: Gedächtnisstörungen  Konzentrationsstörungen  Niedergeschlagenheit  Schwindel  Ohrensausen  Kopfschmerzen. Zur Verlängerung der schmerzfreien Gehstrecke bei arterieller Verschlusskrankheit in den Gliedmaßen  sog. Schaufensterkrankheit (Claudicatio intermittens im Stadium II nach FONTAINE) im Rahmen physikalisch-therapeutischer Maßnahmen  insbesondere Gehtraining. Bei Schwindel infolge von Durchblutungsstörungen oder altersbedingten Rückbildungsvorgängen (Vertigo vaskulärer und involutiver Genese). Zur unterstützenden Behandlung von Ohrgeräuschen infolge von Durchblutungsstörungen oder altersbedingten Rückbildungsvorgängen (Tinnitus vaskulärer und involutiver Genese). <b>Warnhinweis:</b> Enthält Glucose und Lactose. <b>Zu Risiken und Nebenwirkungen lesen Sie die Packungsbeilage und fragen Sie Ihre Ärztin  Ihren Arzt oder in Ihrer Apotheke! Mat.-Nr.:</b> 2/51013588-03 <b>Stand:</b> November 2020</p>",
    "pharmaceuticalForm": "Filmtabletten",
    "quantity": "60 St",
    "inStock": true
  },
  {
    "mediaGroupImages": [
      {
        "type": "default",
        "media": {
          "px140": "https://media.docmorris.de/produkte-pzn/14168157/cetaphil-pro-itch-control-pflegelotion-295-ml-14168157-default-140-1698437099@2x.webp",
          "px300": "https://media.docmorris.de/produkte-pzn/14168157/cetaphil-pro-itch-control-pflegelotion-295-ml-14168157-default-300-1698437099@2x.webp",
          "px1000": "https://media.docmorris.de/produkte-pzn/14168157/cetaphil-pro-itch-control-pflegelotion-295-ml-14168157-default-1000-1698437099@2x.webp",
          "px120": "https://media.docmorris.de/produkte-pzn/14168157/cetaphil-pro-itch-control-pflegelotion-295-ml-14168157-default-140-1698437099@2x.webp",
          "px240": "https://media.docmorris.de/produkte-pzn/14168157/cetaphil-pro-itch-control-pflegelotion-295-ml-14168157-default-300-1698437099@2x.webp"
        }
      }
    ],
    "price": 26.55,
    "basePrice": "90.00 €/l",
    "productName": "Cetaphil Pro Itchcontrol Pflegelotion 295 ml",
    "categorization": "",
    "code": "14168157",
    "companyName": "Galderma Laboratorium GmbH",
    "descriptionAsHtml": "<h2>   Cetaphil PRO ItchControl Pflegelotion </h2>     Bei Cetaphil PRO ItchControl Pflegelotion handelt es sich um eine Lotion  von  Galderma Laboratorium GmbH. <br>    <h2>Cetaphil<sup>®</sup> PRO ItchControl Hautberuhigende Pflegelotion  Beruhigende Pflege bei Neurodermitis und Juckreiz</h2>  <p>Cetaphil PRO ItchControl Hautberuhigende Pflegelotion ist eine hautberuhigende Feuchtigkeitslotion für zu Neurodermitis neigende Haut. Die hautberuhigende Pflegelotion enthält Filaggrin- und Ceramid-Bausteine  um die geschwächte Hautbarriere zu unterstützen. Die Haut speichert langanhaltend mehr Feuchtigkeit  die Barrierefunktion wird gestärkt und dem Juckreiz wird entgegengewirkt. Auch für die Pflege empfindlicher Baby- und Kinderhaut geeignet. 99% der Neurodermitiker würden Cetaphil PRO ItchControl Hautberuhigende Pflegelotion weiterempfehlen.<sup>1</sup></p>  <h2>Gezielte Hilfe bei Hauttrockenheit und Juckreiz</h2>  <li>Cetaphil ist die Nr. 1 Empfehlung von Dermatologen bei zu Neurodermitis neigender Haut<sup>2</sup></li>  <li>Hilft quälenden Juckreiz  Stechen und Brennen zu lindern<sup>3 4</sup> <br><br></li>  <p>1 Umfrage im Rahmen einer klinischen Studie bei 60 Patienten mit Neurodermitis (4 Wochen Anwendungsdauer)  Teilergebnisse zur Patientenakzeptanz aus Simpson E & Dutronc Y. J Drugs Dermatol. 2011  10(7):744-9  veröffentlicht als Poster Dutronc Y & Beger B (2010) Skin tolerance and cosmetic acceptability of a new body moisturizer among atopic dermatitis Subjects  19. EADV Kongress  Göteburg.</p>  <p>2 Umfrage i.A. von Galderma bei 518 niedergelassenen Dermatologen (2018  Marpinion GmbH  Oberhaching). Gestützte Befragung bezieht sich auf die Marke Cetaphil<sup>®</sup> 3 E Simpson et al. (2011)  J Drugs Dermatol  10(7): 744-749. 4 E Simpson et al. (2012)  Pediatric Dermatology  29(5): 590-597.</p>       <h3> Cetaphil PRO ItchControl Pflegelotion   - Spezielle hautberuhigende Pflege bei Neurodermitis  </h3> Die besonderen Inhaltsstoffe: <br>   <li>Filaggrin</li><li> Ceramidbausteine</li><li> Sönnenblumenöl</li><li> Glycerin</li><br> <br><b>Anwendungshinweise: </b><br>  <li><strong>Sanft reinigen:</strong> Mit der <strong>Cetaphil PRO ItchControl Hautberuhigenden Waschlotion</strong> wird Neurodermitishaut zunächst sanft gereinigt und auf die anschließende Pflege mit der Cetaphil PRO ItchControl Hautberuhigenden Pflegelotion vorbereitet. Die Cetaphil PRO ItchControl Hautberuhigende Waschlotion hilft Allergene  Keime und Schmutzpartikel von der Haut zu entfernen. Gleichzeitig können der Haut bereits beim Waschen wertvolle Inhaltsstoffe zugeführt werden. Sie reinigt sanft schäumend und versorgt die Haut schon bei der Reinigung mit Filaggrin-Bausteinen und pflegenden Lipiden aus wertvoller Sheabutter und Sonnenblumenöl.</li>  <li><strong>Gezielt pflegen:</strong> Eine konsequente 2 x tägliche Pflege aus wertvoller Sheabutter und Sonnenblume kann der Haut wichtige Bausteine zurückführen  die ihr genetisch bedingt fehlen. Die wertvollen Filaggrin- und Ceramid-Bausteine der <strong>Cetaphil PRO ItchControl Hautberuhigenden Pflegelotion</strong> stärken die Barrierefunktion gezielt und versorgen gleichzeitig mit dringend benötigter Feuchtigkeit.</li>  <br> Das Produkt eignet sich besonders für: Sehr trockene  juckende Haut. <br>     <h3>Cetaphil PRO ItchControl Pflegelotion - günstig und einfach online bei DocMorris kaufen. </h3> Die Lotion hat eine weiße Farbe  .     <br> Die Lotion  optimalerweise dunkel und trocken aufbewahren. Die Temperatur zur Aufbewahrung sollte Raumtemperatur sein. <br> Sie können das Produkt  soweit vom Arzt nicht anders verordnet  während einer Schwangerschaft und Stillzeit verwenden.",
    "pharmaceuticalForm": "Lotion",
    "quantity": "295 ml",
    "inStock": true
  },
  {
    "mediaGroupImages": [
      {
        "type": "default",
        "media": {
          "px140": "https://media.docmorris.de/produkte-pzn/10714367/soventol-hydrocortisonacetat-0-5-creme-30-g-10714367-default-140-1688414726@2x.webp",
          "px300": "https://media.docmorris.de/produkte-pzn/10714367/soventol-hydrocortisonacetat-0-5-creme-30-g-10714367-default-300-1688414726@2x.webp",
          "px1000": "https://media.docmorris.de/produkte-pzn/10714367/soventol-hydrocortisonacetat-0-5-creme-30-g-10714367-default-1000-1688414726@2x.webp",
          "px120": "https://media.docmorris.de/produkte-pzn/10714367/soventol-hydrocortisonacetat-0-5-creme-30-g-10714367-default-140-1688414726@2x.webp",
          "px240": "https://media.docmorris.de/produkte-pzn/10714367/soventol-hydrocortisonacetat-0-5-creme-30-g-10714367-default-300-1688414726@2x.webp"
        }
      }
    ],
    "price": 14.44,
    "basePrice": "481.33 €/kg",
    "productName": "Soventol Hydrocortisonacetat 0.5% 30 g",
    "categorization": "N1",
    "code": "10714367",
    "companyName": "MEDICE Arzneimittel Pütter GmbH&Co.KG",
    "descriptionAsHtml": "<p>Soventol HydroCortisonAcetat 0 5% ist ein Cremogel  das besonders schnell wirkt und gleichzeitig kühlend wie ein Gel und pflegend wie eine Creme ist. Es ist für die Behandlung akuter Hautreizungen wie Ekzemen  Kontaktallergien  entzündeten Stichen oder schmerzhaftem Sonnenbrand besonders effektiv entzündungshemmend.</p>    <p>Das Cremogel verbindet mehrere wissenschaftlich belegte Wirkvorteile. Die einzigartige Kombination des Wirkstoffs Hydrocortisonacetat und der Cremogel-Grundlage ermöglicht eine schnelle Freisetzung des lipophilen (fettliebenden) Wirkstoffs aus der hydrophilen (wasserliebenden) Grundlage. Dadurch wird eine besonders schnelle Anflutung des Wirkstoffs erreicht. Die einzigartige Zusammensetzung erzeugt zudem einen zusätzlichen Kühleffekt  der eine schnelle Juckreizlinderung fördert.</p>    <p>Hydrocortisonacetat besitzt vielfältige positive Effekte  darunter antiallergische  entzündungslindernde und juckreizstillende Eigenschaften. Durch die einzigartige Verbindung mit Acetat kann Hydrocortison effektiv aus dem Cremogel freigesetzt und schnell in die Haut transportiert werden. Dort entfaltet es seine Wirkung effektiv und lang anhaltend. Die äußerliche Anwendung von Hydrocortisonacetat hat sich bei allergischen Hautreaktionen bewährt und kann bereits in geringer Dosierung Juckreiz  Rötung und Entzündungen lindern.</p>    <p>Soventol HydroCortisonAcetat 0 5% zeichnet sich durch sein schnelles Eindringen des Wirkstoffs in die Haut  eine bis zu dreifach verbesserte Kühlwirkung innerhalb einer Stunde und einen schnellen Effekt gegen Schwellungen und Rötungen aus.</p>    <h3>Pflichttext:</h3>  <p> Soventol   ®    Hydrocortisonacetat 0 5% 5 mg/g Creme. Anwendungsgebiete:  Zur Behandlung von mäßig ausgeprägten geröteten  entzündlichen oder allergischen Hauterkrankungen  bei denen schwach wirksame  niedrig konzentrierte Corticosteroide angezeigt sind.  Warnhinweise:  Keine Anwendung bei Kindern unter 6 Jahren ohne ärztliche Verordnung. Zu Risiken und Nebenwirkungen lesen Sie die Packungsbeilage und fragen Sie Ihre Ärztin  Ihren Arzt oder in Ihrer Apotheke.  Stand 07/2022.  MEDICE Arzneimittel  58638 Iserlohn</p>",
    "pharmaceuticalForm": "Creme",
    "quantity": "30 g",
    "inStock": true
  },
  {
    "mediaGroupImages": [
      {
        "type": "default",
        "media": {
          "px140": "https://media.docmorris.de/produkte-pzn/09771006/litozin-ultra-kapseln-120-st-09771006-default-140-1695067570@2x.webp",
          "px300": "https://media.docmorris.de/produkte-pzn/09771006/litozin-ultra-kapseln-120-st-09771006-default-300-1695067570@2x.webp",
          "px1000": "https://media.docmorris.de/produkte-pzn/09771006/litozin-ultra-kapseln-120-st-09771006-default-1000-1695067570@2x.webp",
          "px120": "https://media.docmorris.de/produkte-pzn/09771006/litozin-ultra-kapseln-120-st-09771006-default-140-1695067570@2x.webp",
          "px240": "https://media.docmorris.de/produkte-pzn/09771006/litozin-ultra-kapseln-120-st-09771006-default-300-1695067570@2x.webp"
        }
      }
    ],
    "price": 31.45,
    "basePrice": "0.26 €/St",
    "productName": "Litozin Ultra Kapseln 120 St",
    "categorization": "",
    "code": "09771006",
    "companyName": "Queisser Pharma GmbH & Co. KG",
    "descriptionAsHtml": "Nahrungsergänzungsmittel  Aufbaupräparate usw. sind angebracht  wenn die herkömmliche Ernährung den körpereigenen Bedarf nicht deckt. Zum Schutz vor übermäßiger Nährstoffaufnahme und möglichen Wechselwirkungen mit Arzneimitteln sollten Sie vor der Einnahme mit Ihrem Arzt Rücksprache halten. Gerne beraten wir Sie auch persönlich.<br><br><br>Litozin Ultra Kapseln ist ein hochwertiges Pulver  das aus der Hagebutte gewonnen wird und durch die Reichhaltigkeit an wertvollen Pflanzenstoffen und Vitamin C besonders zur normalen Kollagenbildung sowie einer normalen Knorpelfunktion beiträgt.  Besonders das enthaltene Vitamin C spielt eine wichtige Rolle für die normale Funktion des Knorpels. Litozin Ultra Kapseln überzeugen besonders durch den hohen Anteil an wertvollen Pflanzenstoffen sowie durch das schonende Herstellungsverfahren  welches dazu führt  dass nur noch 3 Kapseln täglich benötigt werden. Für die Herstellung von Litozin Ultra Kapseln wird das Fruchtfleisch und die Schale der Hagebutte sorgfältig von den Kernen und den stark reizenden Haaren getrennt  danach erfolgt eine sehr schonende Verarbeitung zu Pulver  welches im letzten Schritt in die Kapseln eingefüllt wird.",
    "pharmaceuticalForm": "Kapseln",
    "quantity": "120 St",
    "inStock": true
  },
  {
    "mediaGroupImages": [
      {
        "type": "default",
        "media": {
          "px140": "https://media.docmorris.de/produkte-pzn/01865127/basica-vital-pulver-800-g-01865127-default-140-1662384689@2x.webp",
          "px300": "https://media.docmorris.de/produkte-pzn/01865127/basica-vital-pulver-800-g-01865127-default-300-1662384689@2x.webp",
          "px1000": "https://media.docmorris.de/produkte-pzn/01865127/basica-vital-pulver-800-g-01865127-default-1000-1662384689@2x.webp",
          "px120": "https://media.docmorris.de/produkte-pzn/01865127/basica-vital-pulver-800-g-01865127-default-140-1662384689@2x.webp",
          "px240": "https://media.docmorris.de/produkte-pzn/01865127/basica-vital-pulver-800-g-01865127-default-300-1662384689@2x.webp"
        }
      }
    ],
    "price": 33.57,
    "basePrice": "41.96 €/kg",
    "productName": "Basica Vital 800 g",
    "categorization": "",
    "code": "01865127",
    "companyName": "Protina Pharmazeutische GmbH",
    "descriptionAsHtml": "<h2> Basica.So komme ich in Balance. Für ganzheitliches Wohlbefinden.    </h2>    Bei Basica Vital handelt es sich um ein Granulat  von  PROTINA Pharmazeutische GmbH. <br> Basica Vital<sup>®</sup>  Basisches Granulat<br> Das basische Granulat zum Einrühren in Speisen und zum Kochen  <br><br> Nahrungsergänzungsmittel mit basischen Mineralstoffen und Spurenelementen : Basica Vital<sup>®</sup> enthält Zink  das zum Erhalt eines gesunden Säure-Basen-Gleichgewichts beiträgt  sowie zur allgemeinen geistigen Leistungsfähigkeit. Magnesium trägt zur Reduzierung von Müdigkeit und Erschöpfung bei und unterstützt zusammen mit Calcium den Energiestoffwechsel. Selen trägt zur normalen Funktion des Immunsystems bei.  <li> Geschmacksneutral und hitzebeständig  <li> auch zum Kochen oder Backen geeignet  <li> organische Mineralstoffverbindungen  <li> Ohne Jod  ohne Aromastoffe  ohne Süßstoffe  <li> glutenfrei  <li> Enthält Laktose      <h3> Basica Vital   - Basisches Granulat zum Einrühren in Speisen  auch zum Kochen und Backen  </h3>    <br> Nahrungsergänzungsmittel sind kein Ersatz für eine ausgewogene und abwechslungsreiche Ernährung und eine gesunde Lebensweise. Die angegebene empfohlene tägliche Verzehrsmenge darf nicht überschritten werden. <br>     <br><b>Verzehrempfehlung: </b><br> Je 1 Portion (à 16 g) Basica Vital<sup>®</sup> morgens und abends in kalte oder warme Speisen einrühren. Basica Vital<sup>®</sup> ist hitzebeständig und kann auch beim Kochen und Backen in Speisen eingerührt werden. In Getränken ist Basica Vital<sup>®</sup> schwer löslich.  <br><br> <b>Anwendungshinweise: </b><br> Die angegebene tägliche Verzehrmenge darf nicht überschritten werden. Nahrungsergänzungsmittel sind kein Ersatz für eine ausgewogene  abwechslungsreiche Ernährung und eine gesunde Lebensweise. Bitte außerhalb der Reichweite von Kindern aufbewahren. Kühl und trocken lagern. <br>    <h3>Basica Vital - günstig und einfach online bei DocMorris kaufen. </h3>  <br> Das Granulat  optimalerweise trocken aufbewahren. Die Temperatur zur Aufbewahrung sollte kühl sein. <br> Sie können das Produkt  soweit vom Arzt nicht anders verordnet  während einer Schwangerschaft und Stillzeit verwenden. <br>  <br> <b> Informationen zu Inhaltsstoffen und Allergenen</b> <br> Das Produkt enthält:<br>  <li> Laktose   <li> Soja  <li> Zucker (-stoffe)",
    "pharmaceuticalForm": "Pulver",
    "quantity": "800 g",
    "inStock": true
  },
  {
    "mediaGroupImages": [
      {
        "type": "default",
        "media": {
          "px140": "https://media.docmorris.de/produkte-pzn/11353150/bromuc-akut-600-mg-hustenloeser-plv-z-h-e-20-st-11353150-default-140-1688414788@2x.webp",
          "px300": "https://media.docmorris.de/produkte-pzn/11353150/bromuc-akut-600-mg-hustenloeser-plv-z-h-e-20-st-11353150-default-300-1688414788@2x.webp",
          "px1000": "https://media.docmorris.de/produkte-pzn/11353150/bromuc-akut-600-mg-hustenloeser-plv-z-h-e-20-st-11353150-default-1000-1688414788@2x.webp",
          "px120": "https://media.docmorris.de/produkte-pzn/11353150/bromuc-akut-600-mg-hustenloeser-plv-z-h-e-20-st-11353150-default-140-1688414788@2x.webp",
          "px240": "https://media.docmorris.de/produkte-pzn/11353150/bromuc-akut-600-mg-hustenloeser-plv-z-h-e-20-st-11353150-default-300-1688414788@2x.webp"
        }
      }
    ],
    "price": 10.61,
    "basePrice": "0.53 €/St",
    "productName": "Bromuc Akut 600mg Hustenlöser 20 St",
    "categorization": "N1",
    "code": "11353150",
    "companyName": "Aristo Pharma GmbH",
    "descriptionAsHtml": "<h2>   Bromuc akut 600 mg Hustenlöser </h2>    Bei Bromuc akut 600 mg Hustenlöser handelt es sich um ein Pulver  von  Aristo Pharma GmbH. <br> Zuverlässiger Hustenlöser im praktischen Pulver-Beutel. Es gibt mehr als 200 verschiedene Erkältungsviren - kein Wunder also  dass wir oft gleich mehrmals im Jahr von einer Atemwegsinfektion erwischt werden. Zu den typischen Erkältungsbeschwerden wie Halsschmerzen und Schnupfen gehört meist auch ein quälender Reizhusten  der nach einigen Tagen in einen festsitzenden Schleimhusten übergeht. Bromuc<sup>®</sup> akut Hustenlöser kann zähen und festsitzenden Schleim in den Atemwegen lösen und das Abhusten der darin enthaltenen Krankheitserreger erleichtern. Der lästige Hustenreiz geht zurück und man kann wieder frei durchatmen. Bei dem Hustenlöser handelt es sich um ein leicht lösliches Pulver in praktischen Beutel mit mildem Orangengeschmack  das in nahezu jedes kalte und warme Getränk wie heißen Tee  Saft  sogar Smoothies und Trinkjoghurt gemischt werden kann. Bromuc<sup>®</sup> akut Junior 100mg ist bereits für Kinder ab 2 Jahren geeignet. Für ältere Kinder und Erwachsene gibt es die Wirkstärken 200mg und 600mg. Bromuc<sup>®</sup> akut ist ohne glutenhaltige Rezepturbestandteile  ohne Farb- und Konservierungsstoffe.      <h3> Bromuc akut 600 mg Hustenlöser   - Löst festen Schleim und erleichtert das Abhusten  </h3> Die besonderen Inhaltsstoffe: <br>   <li>Acetylcystein</li><br> Falls vom Arzt nicht anders verordnet  ist Bromuc akut 600 mg Hustenlöser 1  mal  täglich zu verwenden.  <br> <br><br> <b>Anwendungshinweise: </b><br> Bromuc<sup>®</sup> akut ist abgepackt in Pulver-Beutel  deren Inhalt der erforderlichen Menge einer Anwendung entspricht. Lösen Sie das Pulver in ein Getränk Ihrer Wahl auf und trinken den Inhalt vollständig aus. Die Einnahme sollte nach den Mahlzeiten erfolgen. Bromuc<sup>®</sup> kann in fast jedes Getränk gemischt werden. Es lässt sich schnell einrühren und ist gut löslich - in kalten und warmen Getränken  sogar in Smoothies  Tees oder Saft. Die empfohlene Dosis für Kinder und Jugendliche von 6 bis 14 Jahren beträgt 2 mal täglich je 1 Beutel Bromuc akut Hustenlöser 200 mg und für Jugendliche über 14 Jahren und Erwachsene 2 - 3 mal täglich je 1 Beutel Bromuc akut Hustenlöser 200 mg. Wenn sich das Krankheitsbild verschlimmert oder nach 4-5 Tagen keine Besserung eintritt  sollten Sie einen Arzt aufsuchen. <br>    <h3>Bromuc akut 600 mg Hustenlöser - günstig und einfach online bei DocMorris kaufen. </h3> Das Pulver hat eine weiße Farbe  .   <br> Das Pulver  optimalerweise In der Originalverpackung  vor Licht geschützt und für Kinder unzugänglich aufbewahren. Die Temperatur zur Aufbewahrung sollte Nicht über 30 °C sein. <br>  <br>  <b>Warnhinweise: </b> Bitte sprechen Sie mit Ihrem Arzt oder Apotheker  bevor Sie Bromuc<sup>®</sup> akut anwenden. Bromuc<sup>®</sup> akut darf nicht eingenommen werden  wenn Sie allergisch gegen Acetylcystein oder einen der sonstigen Bestandteile dieses Arzneimittels sind. Bromuc<sup>®</sup> akut 600 mg Hustenlöser darf nicht bei Kindern unter 14 Jahren angewendet werden. Keine Anwendung zusammen mit hustenstillenden Mitteln (Sekretstau). <br><br>  <br> <b> Informationen zu Inhaltsstoffen und Allergenen</b> <br> Das Produkt enthält:<br>  <li> Laktose   <li> Soja  <li> Zucker (-stoffe)",
    "pharmaceuticalForm": "Pulver zur Herstellung einer Lösung zum Einnehmen",
    "quantity": "20 St",
    "inStock": true
  },
  {
    "mediaGroupImages": [
      {
        "type": "default",
        "media": {
          "px140": "https://media.docmorris.de/produkte-pzn/04431501/avene-beruhigende-augencreme-neu-10-ml-04431501-default-140-1711137724@2x.webp",
          "px300": "https://media.docmorris.de/produkte-pzn/04431501/avene-beruhigende-augencreme-neu-10-ml-04431501-default-300-1711137724@2x.webp",
          "px1000": "https://media.docmorris.de/produkte-pzn/04431501/avene-beruhigende-augencreme-neu-10-ml-04431501-default-1000-1711137724@2x.webp",
          "px120": "https://media.docmorris.de/produkte-pzn/04431501/avene-beruhigende-augencreme-neu-10-ml-04431501-default-140-1711137724@2x.webp",
          "px240": "https://media.docmorris.de/produkte-pzn/04431501/avene-beruhigende-augencreme-neu-10-ml-04431501-default-300-1711137724@2x.webp"
        }
      }
    ],
    "price": 21.75,
    "basePrice": "2175.00 €/l",
    "productName": "Avene Beruhigende Augencreme Neu 10 ml",
    "categorization": "",
    "code": "04431501",
    "companyName": "PIERRE FABRE DERMO KOSMETIK GmbH",
    "descriptionAsHtml": "<h2>   Avène Augencreme </h2>    Bei Avène Augencreme handelt es sich um eine Augencreme  von  Pierre Fabre Dermo-Kosmetik GmbH. <br> Die Avène Beruhigende Augencreme ist speziell für die empfindliche Augenpartie entwickelt. Die reizlindernden  feuchtigkeitsspendenden und abschwellenden Aktivstoffe vermindern Schwellungen und Rötungen im Augenbereich. Spürbar und sofort werden Spannungsgefühle reduziert  die empfindliche Haut der Augenpartie ist wieder zart und geschmeidig. Die Beruhigende Augencreme ist auch bei irritierten  geröteten Augenlidern durch Kontaktekzem  Allergien oder Lid-Ödeme anwendbar.  <br><br>  Aktivstoffe und Wirkweise des Produkts:<br>  Der sehr hohe Gehalt an Avène Thermalwasser in der Beruhigenden Augencreme wirkt hautberuhigend  reizlindernd und entzündungshemmend. Das beinhaltete Alpha Bisabolol unterstützt die entzündungshemmende Wirkung des Thermalwassers und Dextransulfat reduziert Schwellungen.<br>  Die enthaltende Hyaluronsäure speichert und bindet Feuchtigkeit. Zusätzlich schützt der Radikalfänger Pro-Tocopherol das Hautgewebe.      <h3> Avène Augencreme   - Wirkt hautberuhigend </h3>   <br><br> <b>Anwendungshinweise: </b><br> Morgens und abends nach der Reinigung auftragen. Vorsichtig auf die Augenkonturen auftragen und sanft mit dem Ringfinger einklopfen. Die Augencreme von innen nach außen auftragen  um eine abschwellende Wirkung zu erzielen. <br>    <h3>Avène Augencreme - günstig und einfach online bei DocMorris kaufen. </h3>",
    "pharmaceuticalForm": "Creme",
    "quantity": "10 ml",
    "inStock": true
  },
  {
    "mediaGroupImages": [
      {
        "type": "default",
        "media": {
          "px140": "https://media.docmorris.de/produkte-pzn/16224776/doppelherz-omega-3-pflanzlich-system-kap-120-st-16224776-default-140-1691180617@2x.webp",
          "px300": "https://media.docmorris.de/produkte-pzn/16224776/doppelherz-omega-3-pflanzlich-system-kap-120-st-16224776-default-300-1691180617@2x.webp",
          "px1000": "https://media.docmorris.de/produkte-pzn/16224776/doppelherz-omega-3-pflanzlich-system-kap-120-st-16224776-default-1000-1691180617@2x.webp",
          "px120": "https://media.docmorris.de/produkte-pzn/16224776/doppelherz-omega-3-pflanzlich-system-kap-120-st-16224776-default-140-1691180617@2x.webp",
          "px240": "https://media.docmorris.de/produkte-pzn/16224776/doppelherz-omega-3-pflanzlich-system-kap-120-st-16224776-default-300-1691180617@2x.webp"
        }
      }
    ],
    "price": 32.26,
    "basePrice": "0.27 €/St",
    "productName": "Doppelherz Omega-3 Pflanzlich System 120 St",
    "categorization": "",
    "code": "16224776",
    "companyName": "Queisser Pharma GmbH & Co. KG",
    "descriptionAsHtml": "Bei Doppelherz system Omega-3 Pflanzlich handelt es sich um Kapseln  von  Queisser Pharma GmbH & Co. KG. <br> Für gesundheitsbewusste Menschen  die Omega-3-Fettsäuren auf rein vegetarischer/veganer Basis suchen  liefert Doppelherz system ein hochwertiges Nahrungsergänzungsmittel. Doppelherz system OMEGA-3 PFLANZLICH liefert Omega-3-Fettsäuren auf nicht-tierischer Basis. Es werden nur Kapseln pflanzlichen Ursprungs eingesetzt. Sie sind somit ideal für alle  die auf tierische Produkte verzichten wollen. Pflanzliche Omega-3-Fettsäuren DHA und EPA aus hochwertigem Algenöl. Nur besondere Algen können als direkte vegane/nicht-tierische Quelle für die DHA- und EPA-Gewinnung genutzt werden. In Doppelherz system OMEGA-3 PFLANZLICH werden die wertvollen Omega-3-Fettsäuren EPA und DHA aus dem Öl einer speziellen Mikroalge (Schizochytrium sp.) gewonnen. Das hochwertige Algenöl zeichnet sich durch einen hohen Gehalt der wertvollen Omega-3-Fettsäuren DHA (Docosahexaensäure) und EPA (Eicosapentaensäure) aus. 2 Kapseln täglich liefern 600 mg der Omega-3-Fettsäuren EPA und DHA aus Algenöl in Kombination mit 10 µg Vitamin D3 pflanzlicher Herkunft. Die Omega-3-Fettsäuren EPA/DHA tragen bei einer täglichen Aufnahme von 250 mg zur normalen Herzfunktion bei. DHA leistet bei einer Aufnahme von 250 mg täglich zudem auch einen Beitrag zum Erhalt einer normalen Gehirnfunktion sowie zum Erhalt der normalen Sehkraft. Vitamin D  das Multitalent für die Gesundheit  trägt zum Erhalt normaler Knochen  der normalen Muskelfunktion sowie zu einer normalen Funktion des Immunsystems bei.       <h3> Doppelherz system Omega-3 Pflanzlich   - Hochdosiert: 600 mg Omega 3 Fettsäuren DHA und EPA (2 Kapseln täglich) </h3> Die besonderen Inhaltsstoffe: <br>  <li>Omega-3-Fettsäuren</li><li> Docosahexaensäure (DHA)</li><li> Eicosapentaensäure (EPA)</li><li> Algenöl</li><li> Vitamin D</li><br> Falls vom Arzt nicht anders verordnet  ist Doppelherz system Omega-3 Pflanzlich 2  mal  täglich zu verwenden.  <br> <br> Nahrungsergänzungsmittel sind kein Ersatz für eine ausgewogene und abwechslungsreiche Ernährung und eine gesunde Lebensweise. Die angegebene empfohlene tägliche Verzehrsmenge darf nicht überschritten werden. <br>      <br><b>Verzehrempfehlung: </b><br> Täglich 2 Kapseln zu einer Mahlzeit mit ausreichend Flüssigkeit einnehmen.      <h3>Doppelherz system Omega-3 Pflanzlich - günstig und einfach online bei DocMorris kaufen. </h3> <br> Die Kapseln  optimalerweise lichtgeschützt und trocken aufbewahren. Die Temperatur zur Aufbewahrung sollte nicht über 25°C sein. <br> <br>  <b>Warnhinweise: </b> Die angegebene empfohlene tägliche Verzehrsmenge darf nicht überschritten werden. Nahrungsergänzungsmittel sind kein Ersatz für eine ausgewogene und abwechslungsreiche Ernährung und gesunde Lebensweise. Für kleine Kinder unzugänglich aufbewahren.   Nicht für Kinder unter 12 Jahren geeignet. <br><br> <br><sub>22012020 </sub><br> <br> <br> <b>Weitere Hinweise: </b><br> Das Produkt ist: <br> <li> Für eine vegane Lebensweise geeignet",
    "pharmaceuticalForm": "Kapseln",
    "quantity": "120 St",
    "inStock": false
  },
  {
    "mediaGroupImages": [
      {
        "type": "default",
        "media": {
          "px140": "https://media.docmorris.de/produkte-pzn/04193013/magnetrans-extra-243-mg-hartkapseln-100-st-04193013-default-140-1672689701@2x.webp",
          "px300": "https://media.docmorris.de/produkte-pzn/04193013/magnetrans-extra-243-mg-hartkapseln-100-st-04193013-default-300-1672689701@2x.webp",
          "px1000": "https://media.docmorris.de/produkte-pzn/04193013/magnetrans-extra-243-mg-hartkapseln-100-st-04193013-default-1000-1672689701@2x.webp",
          "px120": "https://media.docmorris.de/produkte-pzn/04193013/magnetrans-extra-243-mg-hartkapseln-100-st-04193013-default-140-1672689701@2x.webp",
          "px240": "https://media.docmorris.de/produkte-pzn/04193013/magnetrans-extra-243-mg-hartkapseln-100-st-04193013-default-300-1672689701@2x.webp"
        }
      }
    ],
    "price": 24.71,
    "basePrice": "0.25 €/St",
    "productName": "Magnetrans Extra 243mg 100 St",
    "categorization": "N3",
    "code": "04193013",
    "companyName": "STADA Consumer Health Deutschland GmbH",
    "descriptionAsHtml": "<h3> Magnetrans - genau dein Magnesium </h3>      Bei Magnetrans extra 243mg handelt es sich um Kapseln von STADA GMBH. <br> <p><b>DIE EXTRAPORTION MAGNESIUM GEGEN MAGNESIUMMANGEL</p></b> Für eine schnelle Hilfe bei Muskel- und Wadenkrämpfen bei nachgewiesenem Magnesiummangel liefert Magnetrans<sup>®</sup> extra pro Hartkapsel 403 mg schweres Magnesiumoxid entsprechend 243 mg Magnesium entsprechend 10 mmol Magnesium. <br><br> <p><b>GUT ZU WISSEN:</p></b> <li>Für starke Muskeln: Magnesiumpräparat zur Einnahme bei nachgewiesenem Magnesiummangel  wenn er Ursache für Störungen der Muskeltätigkeit (neuromuskuläre Störungen  Wadenkrämpfe) ist</li> <li>nur 1 Kapsel täglich</li> <li>Magnesium wird für über 300 Körperfunktionen benötigt - aber der Körper kann es selbst nicht herstellen: Magnesiumpräparate von Magnetrans<sup>®</sup> helfen  zu einem ausgeglichenen Magnesiumhaushalt beizutragen</li>      <h3> Magnetrans extra 243mg - Für eine schnelle Hilfe bei Muskel- & Wadenkrämpfen </h3> <br><br> <b>Anwendungshinweise: </b><br> Soweit nicht anders verordnet  nehmen Erwachsene und Jugendliche über 12 Jahren täglich eine der Magnesiumkapseln ein. Nehmen Sie die Kapsel mit etwas Flüssigkeit (z.B. 1 Glas Wasser) morgens zum Frühstück ein. <br>      <h3>Magnetrans extra 243mg - günstig und einfach online bei DocMorris kaufen. </h3> Sie können das Produkt  soweit vom Arzt nicht anders verordnet  während einer Schwangerschaft und Stillzeit verwenden. <br>  <h3>Pflichttext:</h3>  <p><b>Magnetrans<sup>®</sup> extra 243 mg Hartkapseln</b><br>  <b>Wirkstoff:</b>Schweres Magnesiumoxid. Bei nachgewiesenem Magnesiummangel  wenn er Ursache für Störungen der Muskeltätigkeit (neuromuskuläre Störungen  Wadenkrämpfe) ist.</p>    <p>Zu Risiken und Nebenwirkungen lesen Sie die Packungsbeilage und fragen Sie Ihre Ärztin  Ihren Arzt oder in Ihrer Apotheke.</p>    <p>STADA Consumer Health Deutschland GmbH  Stadastraße 2-18  61118 Bad Vilbel<br>  <b>Stand:</b> September 2019</p>",
    "pharmaceuticalForm": "Hartkapseln",
    "quantity": "100 St",
    "inStock": true
  },
  {
    "mediaGroupImages": [
      {
        "type": "default",
        "media": {
          "px140": "https://media.docmorris.de/produkte-pzn/04436214/apfelpektin-kapseln-90-st-04436214-default-140-1654409248@2x.webp",
          "px300": "https://media.docmorris.de/produkte-pzn/04436214/apfelpektin-kapseln-90-st-04436214-default-300-1654409248@2x.webp",
          "px1000": "https://media.docmorris.de/produkte-pzn/04436214/apfelpektin-kapseln-90-st-04436214-default-1000-1654409248@2x.webp",
          "px120": "https://media.docmorris.de/produkte-pzn/04436214/apfelpektin-kapseln-90-st-04436214-default-140-1654409248@2x.webp",
          "px240": "https://media.docmorris.de/produkte-pzn/04436214/apfelpektin-kapseln-90-st-04436214-default-300-1654409248@2x.webp"
        }
      }
    ],
    "price": 7.9,
    "basePrice": "0.09 €/St",
    "productName": "Apfelpektin 90 St",
    "categorization": "",
    "code": "04436214",
    "companyName": "ALLPHARM Vertriebs GmbH",
    "descriptionAsHtml": "<h2>   Apfelpektin Kapseln </h2>    Bei Apfelpektin Kapseln handelt es sich um Kapseln  von  Allpharm Vertriebs-GmbH. <br> Im Rahmen einer kalorienreduzierten Ernährungsweise sind die Apfelpektin Kapseln eine wunderbare Unterstützung beim Abnehmen. Dank des besonderen Ballaststoffs Pektin entleert sich unser Magen nur langsam  sodass wir uns länger angenehm satt fühlen. Zudem kann Pektin begünstigen  dass Nahrungsfette unseren Organismus unverdaut durchlaufen und stattdessen körpereigene Fettreserven abgebaut werden. Apfelpektin Tabletten unterstützen eine cholesterinbewusste Ernährung und können die Verdauung ganz natürlich anregen. Zusätzlich kann sich Pektin auch positiv auf den Blutdruck auswirken und zur Linderung von Durchfall angewendet werden.  <br><br>  Der lösliche Ballaststoff Pektin ist hervorragend zur Entgiftung geeignet. Er gelangt unverdaut in unseren Dickdarm  wo er vielen nützlichen Darmbakterien als Nahrung dient. Auf Grund seiner wohltuenden Wirkung für unsere Darmflora zählt Pektin zu den darmfreundlichen Präbiotika.      <h3> Apfelpektin Kapseln   - Für ein langanhaltendes Sättigungsgefühl während der Diät </h3>       <br><b>Verzehrempfehlung: </b><br> Täglich 2 × 2 Kapseln mit etwas Flüssigkeit einnehmen.  <br><br> <b>Anwendungshinweise: </b><br> Nahrungsergänzungsmittel sollten nicht als Ersatz für eine abwechslungsreiche und ausgewogene Ernährung und eine gesunde Lebensweise verwendet werden. Die angegebene empfohlene Tagesdosis darf nicht überschritten werden. Außerhalb der Reichweite kleiner Kinder aufbewahren. Kühl  trocken und gut verschlossen lagern. <br>    <h3>Apfelpektin Kapseln - günstig und einfach online bei DocMorris kaufen. </h3> <br> Die Kapseln  optimalerweise trocken aufbewahren. Die Temperatur zur Aufbewahrung sollte kühl lagern sein. <br> Sie können das Produkt  soweit vom Arzt nicht anders verordnet  während einer Schwangerschaft und Stillzeit verwenden. <br> <br> <b> Informationen zu Inhaltsstoffen und Allergenen</b> <br> Das Produkt enthält:<br> <li> Zucker (-stoffe) <br> <br> <b>Weitere Hinweise: </b><br> Das Produkt ist: <br> <li> Für Diabetiker geeignet <li> Für eine vegane Lebensweise geeignet <li>Aus rein pflanzlichen Inhaltsstoffen produziert",
    "pharmaceuticalForm": "Kapseln",
    "quantity": "90 St",
    "inStock": true
  },
  {
    "mediaGroupImages": [
      {
        "type": "default",
        "media": {
          "px140": "https://media.docmorris.de/produkte-pzn/07383926/calcium-500-hexal-brausetabletten-100-st-07383926-default-140-1662393262@2x.webp",
          "px300": "https://media.docmorris.de/produkte-pzn/07383926/calcium-500-hexal-brausetabletten-100-st-07383926-default-300-1662393262@2x.webp",
          "px1000": "https://media.docmorris.de/produkte-pzn/07383926/calcium-500-hexal-brausetabletten-100-st-07383926-default-1000-1662393262@2x.webp",
          "px120": "https://media.docmorris.de/produkte-pzn/07383926/calcium-500-hexal-brausetabletten-100-st-07383926-default-140-1662393262@2x.webp",
          "px240": "https://media.docmorris.de/produkte-pzn/07383926/calcium-500-hexal-brausetabletten-100-st-07383926-default-300-1662393262@2x.webp"
        }
      }
    ],
    "price": 22.19,
    "basePrice": "0.22 €/St",
    "productName": "Calcium 500 Hexal 100 St",
    "categorization": "N3",
    "code": "07383926",
    "companyName": "Hexal AG",
    "descriptionAsHtml": "",
    "pharmaceuticalForm": "Brausetabletten",
    "quantity": "100 St",
    "inStock": true
  },
  {
    "mediaGroupImages": [
      {
        "type": "default",
        "media": {
          "px140": "https://media.docmorris.de/produkte-pzn/16667195/dexpanthenol-axicur-wund-und-heilcreme-50-g-16667195-default-140-1662691686@2x.webp",
          "px300": "https://media.docmorris.de/produkte-pzn/16667195/dexpanthenol-axicur-wund-und-heilcreme-50-g-16667195-default-300-1662691686@2x.webp",
          "px1000": "https://media.docmorris.de/produkte-pzn/16667195/dexpanthenol-axicur-wund-und-heilcreme-50-g-16667195-default-1000-1662691686@2x.webp",
          "px120": "https://media.docmorris.de/produkte-pzn/16667195/dexpanthenol-axicur-wund-und-heilcreme-50-g-16667195-default-140-1662691686@2x.webp",
          "px240": "https://media.docmorris.de/produkte-pzn/16667195/dexpanthenol-axicur-wund-und-heilcreme-50-g-16667195-default-300-1662691686@2x.webp"
        }
      }
    ],
    "price": 4.49,
    "basePrice": "89.80 €/kg",
    "productName": "Dexpanthenol Axicur Wund-und Heilcreme 50 Mg/g Cre 50 g",
    "categorization": "N2",
    "code": "16667195",
    "companyName": "axicorp Pharma GmbH",
    "descriptionAsHtml": "Bei oberflächlichen Hautverletzungen und rissiger Haut<br>  Wunden entstehen häufig durch erhöhte Hitze oder Kälteeinwirkung sowie mechanische Belastung der Haut. Dabei kann es zu Hautverletzungen wie Schürfwunden oder rissiger Haut kommen.  Wenn die Hautfunktion durch oberflächliche Wunden beeinträchtigt  ist  kann unser wichtiges Organ unterstützende Hilfe bei der Wundheilung brauchen. Dexpanthenol axicur<sup>®</sup> hilft als Wund- und Heilcreme  den Heilprozess der Haut zu unterstützen  indem sich wunde Hautstellen regenerieren können. Darüber  hinaus kann Dexpanthenol axicur<sup>®</sup> den Heilungsprozess von Schleimhautläsionen unterstützen.  Die Creme ist auch bei Kindern anwendbar.  <br><br>  Mit der unterstützenden Wirkung von Dexpanthenol<br>  Dexpanthenol  auch Provitamin B5 (ein wasserlösliches Vitamin) genannt  wird in den Körperzellen zu Vitamin B5 umgewandelt  welches die Regeneration von verletztem Gewebe stimuliert. Durch die äußere Anwendung gleicht Dexpanthenol einen erhöhten  Pantothensäure-Bedarf der geschädigten Haut beziehungsweise  Schleimhaut aus. So fördert es die Bildung neuer Hautzellen und kleine oberflächliche Wunden und Verletzungen der Haut können schneller verheilen. Der Wirkstoff wird durch seine regenerativen  Eigenschaften für die Haut auch als \"Hautvitamin\" bezeichnet.  <br><br>  Bewährte Hilfe bei der Wundheilung  <li>Fördert die Heilung von oberflächlichen leichten  Hautverletzungen wie Schürfwunden  <li> Unterstützt den Heilprozess von Haut- und  Schleimhautläsionen  <li> Findet auch Anwendung bei trocken-rissigen  Hautstellen  <li> Mit dem bewährten Wirkstoff Dexpanthenol  <li> Auch für Kinder  <h3>Anwendungshinweise:</h3>  Tragen Sie Dexpanthenol axicur<sup>®</sup> einmal oder mehrmals täglich dünn auf die betroffenen Hautstellen auf.  Die Dauer der Anwendung richtet sich nach Art und Verlauf der Erkrankung  sollte jedoch ohne ärztlichen Rat nicht länger als 7 Tage erfolgen.  <br><br>  <b>BEI OBERFLÄCHLICHEN HAUTVERLETZUNGEN</b><br>  Hautverletzungen wie oberflächliche Schürfwunden oder leichte Brandwunden sind schnell geschehen und  brauchen in jedem Fall eine optimale Behandlung. Um Entzündungen zu vermeiden  ist eine Desinfektion der  betroffenen Haustelle unerlässlich. Für den Wundheilungsprozess kann es hilfreich sein  die Regeneration  der verletzten Haut zu fördern. Sobald sich eine Kruste auf der Wunde gebildet hat  kann Dexpanthenol axicur<sup>®</sup> als Wund- und Heilcreme die Wundheilung unterstützen und den damit verbundenen Juckreiz lindern.  <br><br>  <b>ZUR ERKÄLTUNGSZEIT</b><br>  Durch die trockene Luft in beheizten Räumen  ist die Haut im Winter besonders beansprucht. Der Winter  geht insbesondere durch die Erkältungszeit ebenfalls mit vermehrtem Naseputzen einher  wodurch die Nasenränder austrocknen und gereizt werden. Folge sind oberflächliche Hautschäden wie trocken-rissige Haut.  Dexpanthenol axicur<sup>®</sup> fungiert hierbei als Unterstützung für den Heilungsprozess.  <br><br>  <b>HÄNDEWASCHEN & DESINFEKTION</b><br>  Insbesondere im Rahmen der Corona-Pandemie  müssen wir häufiger die Hände waschen und Desinfektionsmittel verwenden. Das verlangt der Haut viel ab  da sie hier besonders gefordert wird und die Haut hierdurch trocken und rissig werden kann. Der Wirkstoff Dexpanthenol fördert die Wundheilung.  <br><br>  <h3>Pflichttext:</h3>  Dexpanthenol axicur<sup>®</sup> Wund- und Heilcreme 50 mg/g Creme.  Anwendungsgebiete: Mittel zur Unterstützung der Wundheilung. Anwendung auf der Haut zur unterstützenden Behandlung der Heilung von Haut- und Schleimhautläsionen. Enthält Bronopol  und Wollwachs (kann Spuren von Butylhydroxytoluol enthalten). Packungsbeilage beachten. Zu Risiken und Nebenwirkungen lesen Sie die Packungsbeilage und fragen Sie Ihren Arzt oder  Apotheker.<br>  axicorp Pharma GmbH  61381 Friedrichsdorf. Stand: April 2022",
    "pharmaceuticalForm": "Creme",
    "quantity": "50 g",
    "inStock": true
  },
  {
    "mediaGroupImages": [
      {
        "type": "default",
        "media": {
          "px140": "https://media.docmorris.de/produkte-pzn/17636601/roche-posay-anthelios-hydratisie-cr-uvmu-50-ml-17636601-default-140-1683663804@2x.webp",
          "px300": "https://media.docmorris.de/produkte-pzn/17636601/roche-posay-anthelios-hydratisie-cr-uvmu-50-ml-17636601-default-300-1683663804@2x.webp",
          "px1000": "https://media.docmorris.de/produkte-pzn/17636601/roche-posay-anthelios-hydratisie-cr-uvmu-50-ml-17636601-default-1000-1683663804@2x.webp",
          "px120": "https://media.docmorris.de/produkte-pzn/17636601/roche-posay-anthelios-hydratisie-cr-uvmu-50-ml-17636601-default-140-1683663804@2x.webp",
          "px240": "https://media.docmorris.de/produkte-pzn/17636601/roche-posay-anthelios-hydratisie-cr-uvmu-50-ml-17636601-default-300-1683663804@2x.webp"
        }
      }
    ],
    "price": 19.46,
    "basePrice": "389.20 €/l",
    "productName": "Roche-posay Anthelios Hydratisierende Creme Uvmune 50 ml",
    "categorization": "",
    "code": "17636601",
    "companyName": "L'Oreal Deutschland GmbH",
    "descriptionAsHtml": "<h2>   La Roche-Posay Anthelios Sonnencreme UVMune 400 </h2>    Bei La Roche-Posay Anthelios Sonnencreme UVMune 400 handelt es sich um eine Creme  von  L Oreal Deutschland GmbH. <br> Die La Roche Posay Anthelios Hydratisierende Creme UV Mune 400 LSF 50+ (ehem. Anthelios Hydratisierende Creme LSF 50+  PZN: 13868757) ist eine feuchtigkeitsspendende Sonnencreme für trockene  empfindliche Haut mit sehr hohem Schutz vor UVA- & UVB-Strahlen. Schützt vor Sonnenbrand  lichtbedingten Hautschäden und Sonnenunverträglichkeiten wie Sonnenallergie und vor vorzeitiger  lichtbedingter Hautalterung. Für alle Hauttypen geeignet. Die Formel ist ohne Duftstoffe und spendet 24h Feuchtigkeit  pflegt und schützt trockene Haut. Läuft nicht in die Augen & brennt nicht in den Augen. Ultra-resistent vor Wasser  Schweiß und Sand. UVMune 400 steht für Mexoryl 400  unseren wirksamsten Filter gegen schädliche ultra-lange UVA-Strahlen bis 400nm.      <h3> La Roche-Posay Anthelios Sonnencreme UVMune 400   - Bietet einen hohen Breitbandschutz vor UVA und UVB Strahlen  </h3>    <br><br> <b>Anwendungshinweise: </b><br> Die Anthelios Hydratisierende Creme UVMune 400 LSF 50+ von La Roche Posay unmittelbar vor dem Aufenthalt in der Sonne auftragen. Der Sonnenschutz ist nur zur äußeren Anwendung gedacht. Regelmäßig und großzügig erneut auftragen  vor allem nach dem Schwitzen oder Abtrocknen. Darüber hinaus übermäßige Sonneneinstrahlung sowie die Mittagshitze meiden und neben dem Sonnenschutz zusätzliche Schutzmaßnahmen ergreifen. Babys und Kleinkinder sollten vor direkter Sonneneinstrahlung geschützt werden. <br> Das Produkt eignet sich besonders für: Empfindliche Haut. <br>    <h3>La Roche-Posay Anthelios Sonnencreme UVMune 400 - günstig und einfach online bei DocMorris kaufen. </h3>  <br>  <b>Warnhinweise: </b> Intensive Mittagssonne vermeiden. Sich übermäßig der Sonne auszusetzen ist gefährlich. Bleiben Sie nicht zu lange in der Sonne  auch wenn Sie ein Sonnenschutzprodukt verwenden  da dieses selbst bei hohem LSF keinen 100%igen Schutz bietet. Sonnenschutzmittel vor dem Sonnen auftragen. Mehrfach auftragen  um den Lichtschutz aufrecht zu erhalten  insbesondere nach dem Aufenthalt im Wasser  Abtrocknen und Schwitzen. Großzügig auftragen. Geringe Mengen reduzieren die Schutzleistung. Babys und Kleinkinder vor direkter Sonneneinstrahlung schützen. Für Babys und Kleinkinder schützende Kleidung sowie Sonnenschutzmittel mit hohem Lichtschutzfaktor (LSF größer 30) verwenden. Bei Augenkontakt sofort und gründlich ausspülen. Kontakt mit Textilien vermeiden. <br><br>",
    "pharmaceuticalForm": "Creme",
    "quantity": "50 ml",
    "inStock": true
  },
  {
    "mediaGroupImages": [
      {
        "type": "default",
        "media": {
          "px140": "https://media.docmorris.de/produkte-pzn/01179627/repha-os-mundspray-12-ml-01179627-default-140-1676318422@2x.webp",
          "px300": "https://media.docmorris.de/produkte-pzn/01179627/repha-os-mundspray-12-ml-01179627-default-300-1676318422@2x.webp",
          "px1000": "https://media.docmorris.de/produkte-pzn/01179627/repha-os-mundspray-12-ml-01179627-default-1000-1676318422@2x.webp",
          "px120": "https://media.docmorris.de/produkte-pzn/01179627/repha-os-mundspray-12-ml-01179627-default-140-1676318422@2x.webp",
          "px240": "https://media.docmorris.de/produkte-pzn/01179627/repha-os-mundspray-12-ml-01179627-default-300-1676318422@2x.webp"
        }
      }
    ],
    "price": 8.06,
    "basePrice": "671.67 €/l",
    "productName": "Repha-os Mund- Und Rachenspray 12 ml",
    "categorization": "",
    "code": "01179627",
    "companyName": "REPHA GmbH Biologische Arzneimittel",
    "descriptionAsHtml": "<h3>REPHA-OS<sup>®</sup> Mund- und Rachenspray zur Mundhygiene und zum Schutz der ersten Eintrittspforte z.B. in der Erkältungssaison</h3>  <p>REPHA-OS<sup>®</sup> Mund- und Rachenspray enthält die 7fache Pflanzenkraft aus wertvollen Extrakten und ätherischen Ölen in einer kleinen Sprühflasche ideal für alle  die Probleme im Mund- und Rachenraum haben.  Für alle die viel Wert auf eine effektive Mundhygiene legen. Gerade in der Erkältungszeit sind durch den häufigen Wechsel von warmer und kalter Luft Mundschleimhaut  Hals und Rachen stark beansprucht.</p>  <p>Durch die wissenschaftlich nachgewiesene antibakterielle Wirkung eignet sich REPHA-OS<sup>®</sup> Mund- und Rachenspray nicht nur zur täglichen Mundhygiene bei Mundgeruch  sondern auch zur Pflege bei bakteriell bedingten Mund- und Zahnfleischentzündungen.</p>    <p>Handlich  pflanzlich und frei von Zusatzstoffen<br>  REPHA-OS<sup>®</sup> Mund- und Rachenspray ist einfach anzuwenden  lässt sich überall hin mitnehmen und kann so perfekt in den Alltag integriert werden.  REPHA-OS<sup>®</sup> Mund- und Rachenspray basiert auf 7 pflanzlichen Extrakten und ätherischen Ölen  ohne synthetische Duft-  Farb- und Konservierungsstoffe und ist frei von Titandioxid.</p>",
    "pharmaceuticalForm": "Spray",
    "quantity": "12 ml",
    "inStock": false
  },
  {
    "mediaGroupImages": [
      {
        "type": "default",
        "media": {
          "px140": "https://media.docmorris.de/produkte-pzn/13834741/selen-200-ug-hochdosiert-vegan-tabletten-180-st-13834741-default-140-1678478808@2x.webp",
          "px300": "https://media.docmorris.de/produkte-pzn/13834741/selen-200-ug-hochdosiert-vegan-tabletten-180-st-13834741-default-300-1678478808@2x.webp",
          "px1000": "https://media.docmorris.de/produkte-pzn/13834741/selen-200-ug-hochdosiert-vegan-tabletten-180-st-13834741-default-1000-1678478808@2x.webp",
          "px120": "https://media.docmorris.de/produkte-pzn/13834741/selen-200-ug-hochdosiert-vegan-tabletten-180-st-13834741-default-140-1678478808@2x.webp",
          "px240": "https://media.docmorris.de/produkte-pzn/13834741/selen-200-ug-hochdosiert-vegan-tabletten-180-st-13834741-default-300-1678478808@2x.webp"
        }
      }
    ],
    "price": 15.27,
    "basePrice": "0.08 €/St",
    "productName": "Selen 200 Ug Hochdosiert Vegan 180 St",
    "categorization": "",
    "code": "13834741",
    "companyName": "Vitamaze GmbH",
    "descriptionAsHtml": "<h2> Vielseitiges Spurenelement für Immunsystem und für Haare & Nägel   </h2>    Bei Selen 200 µg vegan handelt es sich um Tabletten  von  Vitamaze GmbH. <br> Selen unterstützt viele Funktionen im Körper. Ein normales Immunsystem und normale Haare und Nägel zum Beispiel. Die Tabletten in Vitamaze Qualität sind vegan und sehr gut bioverfügbar.      <h3> Selen 200 µg vegan   - Hochdosiert mit 200 µg Selen pro Tablette </h3> Die besonderen Inhaltsstoffe: <br>  <li>Selen</li><br> Falls vom Arzt nicht anders verordnet  ist Selen 200 µg vegan 1  mal  täglich zu verwenden.  <br> <br> Nahrungsergänzungsmittel sind kein Ersatz für eine ausgewogene und abwechslungsreiche Ernährung und eine gesunde Lebensweise. Die angegebene empfohlene tägliche Verzehrsmenge darf nicht überschritten werden. <br>     <br><b>Verzehrempfehlung: </b><br> Erwachsenen wird empfohlen  täglich 1 Tablette mit jeweils 1-2 Gläsern Wasser (300-400 ml) zu verzehren.     <h3>Selen 200 µg vegan - günstig und einfach online bei DocMorris kaufen. </h3> Die Tabletten hat eine weiße Farbe  . <br> Die Tabletten  optimalerweise vor direkter Sonneneinstrahlung geschützt und trocken  außerhalb der Reichweite von Kindern aufbewahren. Die Temperatur zur Aufbewahrung sollte 5 bis 25 °C sein. <br> <br>  <b>Warnhinweise: </b> Nahrungsergänzungsmittel sind kein Ersatz für eine ausgewogene und abwechslungsreiche Ernährung und eine gesunde Lebensweise. Die angegebene empfohlene tägliche Verzehrmenge darf nicht überschritten werden. <br><br> <br> <br> <b>Weitere Hinweise: </b><br> Das Produkt ist: <br> <li> Für Diabetiker geeignet <li> Für eine vegane Lebensweise geeignet",
    "pharmaceuticalForm": "Tabletten",
    "quantity": "180 St",
    "inStock": true
  },
  {
    "mediaGroupImages": [
      {
        "type": "default",
        "media": {
          "px140": "https://media.docmorris.de/produkte-pzn/13883685/avene-xeracalm-a-d-balsam-400-ml-13883685-default-140-1711138088@2x.webp",
          "px300": "https://media.docmorris.de/produkte-pzn/13883685/avene-xeracalm-a-d-balsam-400-ml-13883685-default-300-1711138088@2x.webp",
          "px1000": "https://media.docmorris.de/produkte-pzn/13883685/avene-xeracalm-a-d-balsam-400-ml-13883685-default-1000-1711138088@2x.webp",
          "px120": "https://media.docmorris.de/produkte-pzn/13883685/avene-xeracalm-a-d-balsam-400-ml-13883685-default-140-1711138088@2x.webp",
          "px240": "https://media.docmorris.de/produkte-pzn/13883685/avene-xeracalm-a-d-balsam-400-ml-13883685-default-300-1711138088@2x.webp"
        }
      }
    ],
    "price": 27.45,
    "basePrice": "68.63 €/l",
    "productName": "Avene Xeracalm A.d Balsam 400 ml",
    "categorization": "",
    "code": "13883685",
    "companyName": "PIERRE FABRE DERMO KOSMETIK GmbH",
    "descriptionAsHtml": "<h2>   Avène XeraCalm A.D Balsam </h2>    Bei Avène XeraCalm A.D Balsam handelt es sich um einen Balsam  von  Pierre Fabre Dermo-Kosmetik GmbH. <br> Der Avène XeraCalm A.D Balsam zeichnet sich durch seinen sterilen Pumpspender aus  der eine einfache Dosierung und hygienische Entnahme ermöglicht und für eine hohe Verträglichkeit sorgt. Die hochverträgliche Gesichts- und Körperpflege ist bereits für Babys ab 1 Monat geeignet. Der Balsam wird steril hergestellt sowie abgefüllt und ist ohne Duft- und Konservierungsstoffe. Besonders ist der Balsam bei sehr trockener Haut  atopischen Hautzuständen  zu Neurodermitis neigender Haut oder Altersxerose geeignet.  <br><br>  Aktivstoffe und Wirkweise des Produkts:<br>  Die Wirkung von XeraCalm A.D beruht auf einer einzigartigen Aktivstoff-Kombination. Grundlage ist das bewährte Avène Thermalwasser mit seinen hautberuhigenden  reizlindernden und entzündungshemmenden Eigenschaften. Ein CER-OMEGA-Lipidkomplex mit ungesättigten Omega-6-Fettsäuren stärkt die Hautbarriere  nährt die Haut und fördert ihre Regeneration. Das Herzstück von XeraCalm A.D ist der innovative Aktivstoff I-modulia  der in intensiver wissenschaftlicher Forschung aus der Mikroflora des Avène Thermalwassers (Aquaphilus dolomiae) entwickelt wurde. Er lindert den durch Trockenheit verursachten Juckreiz  beruhigt Rötungen und stimuliert die Immunabwehr der Haut  um bakteriellen Superinfektionen entgegenzuwirken.<br>  Die Haut wird durch die Anwendung des XeraCalm A.D Balsam gepflegt und mit Feuchtigkeit versorgt. Er beruhigt die Haut intensiv und sorgt dafür  dass die therapiefreien Intervalle bei atopischen Hautzuständen verlängert werden.      <h3> Avène XeraCalm A.D Balsam   - Hochverträgliche Gesichts und Körperpflege </h3>   <br><br> <b>Anwendungshinweise: </b><br> 1- bis 2- mal täglich im Anschluss an die Reinigung mit dem XeraCalm A.D Reinigungsöl auf die sehr trockenen Gesichts- und Körperzonen auftragen. <br>    <h3>Avène XeraCalm A.D Balsam - günstig und einfach online bei DocMorris kaufen. </h3>",
    "pharmaceuticalForm": "Balsam",
    "quantity": "400 ml",
    "inStock": true
  },
  {
    "mediaGroupImages": [
      {
        "type": "default",
        "media": {
          "px140": "https://media.docmorris.de/produkte-pzn/13947445/coenzym-q10-200-mg-vegan-kapseln-120-st-13947445-default-140-1678478825@2x.webp",
          "px300": "https://media.docmorris.de/produkte-pzn/13947445/coenzym-q10-200-mg-vegan-kapseln-120-st-13947445-default-300-1678478825@2x.webp",
          "px1000": "https://media.docmorris.de/produkte-pzn/13947445/coenzym-q10-200-mg-vegan-kapseln-120-st-13947445-default-1000-1678478825@2x.webp",
          "px120": "https://media.docmorris.de/produkte-pzn/13947445/coenzym-q10-200-mg-vegan-kapseln-120-st-13947445-default-140-1678478825@2x.webp",
          "px240": "https://media.docmorris.de/produkte-pzn/13947445/coenzym-q10-200-mg-vegan-kapseln-120-st-13947445-default-300-1678478825@2x.webp"
        }
      }
    ],
    "price": 33.12,
    "basePrice": "0.28 €/St",
    "productName": "Coenzym Q10 200 Mg Vegan 120 St",
    "categorization": "",
    "code": "13947445",
    "companyName": "Vitamaze GmbH",
    "descriptionAsHtml": "<h3> Coenzym Q10 200 mg - Coenzym Q10 mit 98 % Ubichinon-10 verfügt über 200 mg Q10 pro Kapsel </h3>     Bei Coenzym Q10 200 mg vegan Kapseln handelt es sich um Kapseln von Vitamaze GmbH. <br> <p><strong>Der Mikronährstoff für Ihre Körperzellen</strong><br />Coenzym Q10 - Anti-Aging beginnt von innen. Coenzym Q10 unterstützt jede einzelne Zelle des Körpers. Mit einer veganen Kapsel pro Tag versorgen Sie Ihren Körper mit 200 mg Coenzym Q10 in der gewohnten Vitamaze-Qualität.</p> <ul> <li>Hochdosiertes Coenzym Q10 (98% Ubichinon-10) mit 200 mg Tagesdosis</li> <li>Coenzym Q10 gilt als das Anti-Aging-Mittel schlechthin und wird von jeder Zelle unseres Körpers benötigt</li> <li>Herstellung durch Fermentation von gentechnikfreiem Mais</li> <li>Verzicht auf unnötige Zusatzstoffe  Nanopartikel und Allergene</li> </ul> <p><strong>Vorteile von hochdosiertem Vitamaze Coenzym Q10</strong></p> <ul> <li><strong>Vegan:</strong> Hergestellt aus nicht-tierischen Inhaltsstoffen und frei von unnötigen Zusatzstoffen.</li> <li><strong>Beste Bioverfügbarkeit:</strong> Ohne das Trennmittel Magnesiumstearat (Magnesiumsalze der Speisefettsäuren) um die ideale Wirksamkeit zu erhalten.</li> <li><strong>Frei von</strong> Farb- und Konservierungsstoffen  gentechnisch veränderten Inhaltsstoffen sowie Pestiziden  Fungiziden  künstlichen Düngemitteln oder sonstigen Schadstoffen.</li> <li><strong>Für Allergiker geeignet:</strong> Das Produkt ist frei von Gluten  Laktose und anderen Allergenen.</li> </ul>     <h3> Coenzym Q10 200 mg vegan Kapseln - Coenzym Q10 mit 98 % Ubichinon-10 verfügt über 200 mg Q10 pro Kapsel </h3> Falls vom Arzt nicht anders verordnet  ist Coenzym Q10 200 mg vegan Kapseln 1 mal täglich zu verwenden. <br>     <br><b>Verzehrempfehlung: </b><br> <p>Täglich 1 Kapsel mit ausreichend Wasser verzehren.</p>     <h3>Coenzym Q10 200 mg vegan Kapseln - günstig und einfach online bei DocMorris kaufen. </h3> <br> Die Kapseln optimalerweise lichtgeschützt und in der Originalverpackung  an einem trockenen Ort  an einem kühlen Ort  außerhalb der Reichweite von Kindern aufbewahren. Die Temperatur zur Aufbewahrung sollte maximal 25°C sein. <br> <br> <b>Warnhinweise: </b> <p>Die angegebene empfohlene Verzehrmenge darf nicht überschritten werden. Nahrungsergänzungsmittel sind kein Ersatz für eine ausgewogene und abwechslungsreiche Ernährung und eine gesunde Lebensweise. Nicht für Kinder und Jugendliche geeignet. Das Produkt ungeöffnet  kühl  trocken und außerhalb der Reichweite von Kindern aufbewahren. Während der Schwangerschaft und Stillzeit sollte generell vor dem Verzehr von Nahrungsergänzungsmitteln der Arzt konsultiert werden.</p> <br><br> <br> <br> <b>Weitere Hinweise: </b><br> Das Produkt ist: <br> <li> Für eine vegane Lebensweise geeignet <li>Aus rein pflanzlichen Inhaltsstoffen produziert",
    "pharmaceuticalForm": "Kapseln",
    "quantity": "120 St",
    "inStock": false
  },
  {
    "mediaGroupImages": [
      {
        "type": "default",
        "media": {
          "px140": "https://media.docmorris.de/produkte-pzn/10779349/roche-posay-effaclar-schaeumendes-reinigu-400-ml-10779349-default-140-1707768062@2x.webp",
          "px300": "https://media.docmorris.de/produkte-pzn/10779349/roche-posay-effaclar-schaeumendes-reinigu-400-ml-10779349-default-300-1707768062@2x.webp",
          "px1000": "https://media.docmorris.de/produkte-pzn/10779349/roche-posay-effaclar-schaeumendes-reinigu-400-ml-10779349-default-1000-1707768062@2x.webp",
          "px120": "https://media.docmorris.de/produkte-pzn/10779349/roche-posay-effaclar-schaeumendes-reinigu-400-ml-10779349-default-140-1707768062@2x.webp",
          "px240": "https://media.docmorris.de/produkte-pzn/10779349/roche-posay-effaclar-schaeumendes-reinigu-400-ml-10779349-default-300-1707768062@2x.webp"
        }
      }
    ],
    "price": 20.8,
    "basePrice": "52.00 €/l",
    "productName": "Roche Posay Effaclar Schäumendes Reinigungsgel 400 ml",
    "categorization": "",
    "code": "10779349",
    "companyName": "L'Oreal Deutschland GmbH",
    "descriptionAsHtml": "<h2>   La Roche-Posay EFFACLAR REINIGUNGSGEL </h2>     Bei La Roche-Posay EFFACLAR REINIGUNGSGEL handelt es sich um ein Gel  von  L Oreal Deutschland GmbH. <br> Mit dem milden EFFACLAR REINIGUNGSGEL von La Roche-Posay wird die Haut von überschüssigem Talg und Schmutzpartikeln befreit. Die Gesichtsreinigung ist besonders für fettige und unreine Haut geeignet. Das Gesicht wird mit dem Reinigungsgel gründlich gereinigt  ohne die Haut dabei auszutrocknen. Bei regelmäßiger Anwendung werden Unreinheiten vorgebeugt und das Hautbild wirkt ebenmäßiger. <br>Dank der speziell ausgewählten Substanzen ist die mit hautberuhigendem Thermalwasser aus La Roche-Posay angereicherte Gesichtsreinigung auch für empfindliche Haut geeignet. Die Formulierung hat einen pH-Wert von 5 5 und ist ohne Alkohol.       <h3> La Roche-Posay EFFACLAR REINIGUNGSGEL   - Gründliche und sanfte Reinigung unreiner  fettiger Haut </h3>   <br><br> <b>Anwendungshinweise: </b><br> Schäumen Sie das EFFACLAR REINIGUNGSGEL mit etwas Wasser in der Hand auf und massieren Sie Ihr Gesicht damit ein. Nachdem Sie es sanft in Ihre Gesichtshaut einmassiert haben  spülen Sie es anschließend sorgfältig ab.   <br><br>   Tipp: Das EFFACLAR REINIGUNGSGEL von La Roche-Posay ist auch zur Reinigung bei Unreinheiten an Hals  Dekolleté oder auf dem Rücken geeignet. Verwenden Sie ein sauberes Handtuch nach der Reinigung. <br> Das Produkt eignet sich besonders für: Fettige Haut. <br>     <h3>La Roche-Posay EFFACLAR REINIGUNGSGEL - günstig und einfach online bei DocMorris kaufen. </h3> <br>  <b>Warnhinweise: </b> Nur zur äußerlichen Anwendung. <br><br>",
    "pharmaceuticalForm": "Gel",
    "quantity": "400 ml",
    "inStock": true
  },
  {
    "mediaGroupImages": [
      {
        "type": "default",
        "media": {
          "px140": "https://media.docmorris.de/produkte-pzn/15656195/avene-antirougeurs-clean-beruhig-reinigu-200-ml-15656195-default-140-1711138277@2x.webp",
          "px300": "https://media.docmorris.de/produkte-pzn/15656195/avene-antirougeurs-clean-beruhig-reinigu-200-ml-15656195-default-300-1711138277@2x.webp",
          "px1000": "https://media.docmorris.de/produkte-pzn/15656195/avene-antirougeurs-clean-beruhig-reinigu-200-ml-15656195-default-1000-1711138277@2x.webp",
          "px120": "https://media.docmorris.de/produkte-pzn/15656195/avene-antirougeurs-clean-beruhig-reinigu-200-ml-15656195-default-140-1711138277@2x.webp",
          "px240": "https://media.docmorris.de/produkte-pzn/15656195/avene-antirougeurs-clean-beruhig-reinigu-200-ml-15656195-default-300-1711138277@2x.webp"
        }
      }
    ],
    "price": 20.8,
    "basePrice": "104.00 €/l",
    "productName": "Avene Antirougeurs Clean Beruhig. Reinigungsmilch 200 ml",
    "categorization": "",
    "code": "15656195",
    "companyName": "PIERRE FABRE DERMO KOSMETIK GmbH",
    "descriptionAsHtml": "<h2> Rötungen  sichtbare Äderchen  Jetzt langfristig bekämpfen </h2>      Bei Avène Antirougeurs CLEAN Beruhigende Reinigungsmilch handelt es sich um eine Reinigungsmilch von Pierre Fabre Dermo-Kosmetik GmbH. <br> Die Avène Antirougeurs CLEAN Beruhigende Reinigungsmilch spendet der Haut Feuchtigkeit und ein sofortiges Wohlbefinden. Sie ist besonders für empfindliche  zu Rötungen neigende Haut sowie zur Pflege bei Rosacea oder Couperose geeignet. Außerdem wirkt die Reinigungsmilch intensiv hautberuhigend nach einem IPL (intense pulsed light) Eingriff. Zu Rötungen neigende  empfindliche Haut geht meist mit Spannungs- und Hitzegefühlen einher. Zudem reagiert sie schnell und übermäßig stark auf Kälte  Wind  Temperaturveränderungen  falsche Pflege oder auch auf zu scharfes Essen und Alkohol. Die dadurch entstehenden vorübergehenden oder dauerhaften Hautrötungen  die in Papeln oder Pusteln übergehen können  sind für den Betroffenen meist sehr unangenehm und lästig. Deswegen benötigt empfindliche Haut  die zu lokalen oder großflächigen Rötungen neigt  eine ganz besondere Pflege. <br> Die sanfte Gesichtsreinigung und Make-up Entfernung mildert bestehende Rötungen sowie sichtbare Äderchen und beugt Neubildungen vor. Die erfrischende  zarte Textur lindert Spannungs- und Hitzegefühle und beruhigt die Haut sofort und langanhaltend. <br> Die Aktivstoffe Pongamiaöl und TRP-REGULIN wirken entzündungshemmend. Durch das Pongamiaöl werden bestehende Hautrötungen gemildert und deren Neubildung vorgebeugt. Das zu 89% beinhaltende Avène Thermalwasser hat eine beruhigende  reizlindernde und entzündungshemmende Wirkung. Die Haut wird wieder beruhigt  geschmeidig und zart. Die Formulierung mit hochverträglicher Reinigungsgrundlage ist ohne Duftstoffe.      <h3> Avène Antirougeurs CLEAN Beruhigende Reinigungsmilch - Tägliche Gesichtsreinigung und Make up Entfernung </h3> Falls vom Arzt nicht anders verordnet  ist Avène Antirougeurs CLEAN Beruhigende Reinigungsmilch täglich zu verwenden. <br><br> <b>Anwendungshinweise: </b><br> Die Avène Antirougeurs CLEAN Beruhigende Reinigungsmilch morgens und abends mit einem Wattepad oder den Fingerspitzen auf das Gesicht auftragen und leicht einmassieren. Nicht abspülen. Mit einem Kosmetiktuch behutsam den Rest entfernen. <br> Das Produkt eignet sich besonders für: Für empfindliche  zu Rötungen neigende Haut. <br>      <h3>Avène Antirougeurs CLEAN Beruhigende Reinigungsmilch - günstig und einfach online bei DocMorris kaufen. </h3> <br><sub>22042020 </sub><br>",
    "pharmaceuticalForm": "Milch",
    "quantity": "200 ml",
    "inStock": false
  },
  {
    "mediaGroupImages": [
      {
        "type": "default",
        "media": {
          "px140": "https://media.docmorris.de/produkte-pzn/09374110/alopexy-5-loesung-zur-anwendung-auf-der-3-x-60-ml-09374110-default-140-1711137857@2x.webp",
          "px300": "https://media.docmorris.de/produkte-pzn/09374110/alopexy-5-loesung-zur-anwendung-auf-der-3-x-60-ml-09374110-default-300-1711137857@2x.webp",
          "px1000": "https://media.docmorris.de/produkte-pzn/09374110/alopexy-5-loesung-zur-anwendung-auf-der-3-x-60-ml-09374110-default-1000-1711137857@2x.webp",
          "px120": "https://media.docmorris.de/produkte-pzn/09374110/alopexy-5-loesung-zur-anwendung-auf-der-3-x-60-ml-09374110-default-140-1711137857@2x.webp",
          "px240": "https://media.docmorris.de/produkte-pzn/09374110/alopexy-5-loesung-zur-anwendung-auf-der-3-x-60-ml-09374110-default-300-1711137857@2x.webp"
        }
      }
    ],
    "price": 47.34,
    "basePrice": "263.00 €/l",
    "productName": "Alopexy 5% Lösung Zur Anwendung Auf Der Haut 3X60 ml",
    "categorization": "",
    "code": "09374110",
    "companyName": "PIERRE FABRE DERMO KOSMETIK GmbH",
    "descriptionAsHtml": "Die Frisur ist auch für Männer ein wichtiger Bestandteil ihres Äußeren. Umso belastender ist es  wenn die Haare ausfallen. Alopexy 5% kann während der Behandlungsdauer den Verlust der Haare stoppen und das Nachwachsen neuer Haare fördern. Das Mittel zur äußerlichen Anwendung enthält den bewährten Wirkstoff Minoxidil. Betroffene sollten Alopexy täglich morgens und abends anwenden. Die ersten Ergebnisse werden in der Regel nach einigen Wochen sichtbar. Dank der patentierten Formulierung mit einem speziellen Zuckermolekül ist die Anwendung der Lösung sehr einfach. Die Haare verkleben nicht und können wie gewohnt gekämmt und gestylt werden.  Alopexy 5% sollte nur auf gesunder Kopfhaut angewendet werden. <br> <br>Hinweis: Alopexy 5% ist nicht für Frauen geeignet. Es kann mit hoher Wahrscheinlichkeit zu anormalem Haarwuchs außerhalb des Anwendungsbereiches kommen (Hypertrichose).",
    "pharmaceuticalForm": "Lösung",
    "quantity": "3X60 ml",
    "inStock": true
  },
  {
    "mediaGroupImages": [
      {
        "type": "default",
        "media": {
          "px140": "https://media.docmorris.de/produkte-pzn/13832535/gepan-mannose-gel-30-ml-13832535-default-140-1662777498@2x.webp",
          "px300": "https://media.docmorris.de/produkte-pzn/13832535/gepan-mannose-gel-30-ml-13832535-default-300-1662777498@2x.webp",
          "px1000": "https://media.docmorris.de/produkte-pzn/13832535/gepan-mannose-gel-30-ml-13832535-default-1000-1662777498@2x.webp",
          "px120": "https://media.docmorris.de/produkte-pzn/13832535/gepan-mannose-gel-30-ml-13832535-default-140-1662777498@2x.webp",
          "px240": "https://media.docmorris.de/produkte-pzn/13832535/gepan-mannose-gel-30-ml-13832535-default-300-1662777498@2x.webp"
        }
      }
    ],
    "price": 13.02,
    "basePrice": "434.00 €/l",
    "productName": "Gepan Mannose-gel 30 ml",
    "categorization": "",
    "code": "13832535",
    "companyName": "G. Pohl-Boskamp GmbH & Co.KG",
    "descriptionAsHtml": "<h2> Intimpflege mit Schutzfaktor   </h2>    Bei Gepan Mannose-Gel handelt es sich um ein Gel  von  G. Pohl-Boskamp GmbH & Co.KG. <br> <li> Feuchtigkeitsspendendes Gel für den äußeren Intimbereich  <li> Schutz vor schädlichen Keimen  <li> Stärkung und Pflege der Schleimhaut  <li> Anwendung auch während der Schwangerschaft und Stillzeit möglich  <br><br>  Intimpflege mit Schutzfaktor<br>  Die tägliche Körperpflege der Frau umfasst neben dem allgemeinen Pflegeprogramm auch die möglichst schonende Reinigung des äußeren Intimbereichs. Zur Unterstützung der empfindlichen Haut bietet sich eine ergänzende Pflege an. Das Gepan Mannose-Gel mit seinem Mannose-Hydro-Komplex eignet sich hierfür besonders gut: Zum einen besitzt das Gel hautpflegende und feuchtigkeitsspendende Eigenschaften. Zum anderen bietet es Unterstützung beim Schutz gegen Keime und damit auch vor Infektionen z. B. einer Blasenentzündung. So trägt das Gepan Mannose-Gel sowohl zur Stärkung und Pflege der Haut im äußeren Intimbereich als auch zur Keimprävention bei. Übrigens: Das Gepan Mannose-Gel ist auch während der Schwangerschaft und Stillzeit anwendbar.  <br><br>  Geheimtipp D-Mannose<br>  D-Mannose ist ein natürlicher Einfachzucker  der in geringen Mengen im menschlichen Organismus selbst produziert wird und damit zu den körpereigenen Substanzen zählt. An der Schleimhaut des äußeren Intimbereichs kann D-Mannose vor der Anheftung schädlicher Darmkeine (E. coli Bakterien) schützen  die Hautreizungen oder gar Entzündungen verursachen können.  Gepan Mannose-Gel setzt auf den Mannose-Hydro-Komplex  eine ideale Kombination aus feuchtigkeitsspendenden und pflegenden Substanzen. Das Produkt bildet einen gelartigen Film auf der Haut des äußeren Intimbereichs  wodurch der Aufbau einer wirksamen und schützenden Hautbarriere optimal unterstützt wird.  <br><br>  <li> Gepan Mannose-Gel bestenfalls mehrmals täglich auftragen  beispielsweise nach dem Wasserlassen oder Sport. Vor dem Auftragen sollten die Hände gründlich gewaschen werden.  <li> Einen Pumpstoß des Gels auf den Zeigefinger geben und im gesamten äußeren Intimbereich (Vulva  Damm und Analbereich) verteilen.  <li> Nach der Anwendung gründlich die Hände waschen. Gepan Mannose-Gel lässt sich leicht mit Wasser von den Fingern abspülen.      <h3> Gepan Mannose-Gel   - Pflegt mit Mannose Hydro Komplex </h3> Die besonderen Inhaltsstoffe: <br>  <li>Xylitol</li><li> Mannose</li><li> Hyaluronsäure</li><br>    <h3>Gepan Mannose-Gel - günstig und einfach online bei DocMorris kaufen. </h3> <br> Das Gel  optimalerweise in der OVP aufbewahren. Sie können das Produkt  soweit vom Arzt nicht anders verordnet  während einer Schwangerschaft und Stillzeit verwenden. <br> <br><sub>1612224000000 </sub><br> <br> <b> Informationen zu Inhaltsstoffen und Allergenen</b> <br> Das Produkt enthält:<br> <li> Konservierungsstoffe <li> Zucker (-stoffe) <br> <br> <b>Weitere Hinweise: </b><br> Das Produkt ist: <br> <li> Für Diabetiker geeignet",
    "pharmaceuticalForm": "Gel",
    "quantity": "30 ml",
    "inStock": true
  },
  {
    "mediaGroupImages": [
      {
        "type": "default",
        "media": {
          "px140": "https://media.docmorris.de/produkte-pzn/02134495/asche-basis-salbe-100-ml-02134495-default-140-1681903553@2x.webp",
          "px300": "https://media.docmorris.de/produkte-pzn/02134495/asche-basis-salbe-100-ml-02134495-default-300-1681903553@2x.webp",
          "px1000": "https://media.docmorris.de/produkte-pzn/02134495/asche-basis-salbe-100-ml-02134495-default-1000-1681903553@2x.webp",
          "px120": "https://media.docmorris.de/produkte-pzn/02134495/asche-basis-salbe-100-ml-02134495-default-140-1681903553@2x.webp",
          "px240": "https://media.docmorris.de/produkte-pzn/02134495/asche-basis-salbe-100-ml-02134495-default-300-1681903553@2x.webp"
        }
      }
    ],
    "price": 17.6,
    "basePrice": "176.00 €/l",
    "productName": "Asche Basis Salbe 100 ml",
    "categorization": "",
    "code": "02134495",
    "companyName": "Chiesi GmbH",
    "descriptionAsHtml": "Zum Schutz und zur Regeneration der Haut. Die Asche Basis Salbe ist eine hochwertige Wasser-in-Öl-Emulsion  geeignet für die empfindliche und zu Allergien neigende Haut. Die Salbe besitzt fettende Eigenschaften  hilft der spröden und belasteten Haut und ist ausgezeichnet hautverträglich.",
    "pharmaceuticalForm": "Salbe",
    "quantity": "100 ml",
    "inStock": false
  },
  {
    "mediaGroupImages": [
      {
        "type": "default",
        "media": {
          "px140": "https://media.docmorris.de/produkte-pzn/04045241/dexeryl-creme-250-g-04045241-default-140-1711137716@2x.webp",
          "px300": "https://media.docmorris.de/produkte-pzn/04045241/dexeryl-creme-250-g-04045241-default-300-1711137716@2x.webp",
          "px1000": "https://media.docmorris.de/produkte-pzn/04045241/dexeryl-creme-250-g-04045241-default-1000-1711137716@2x.webp",
          "px120": "https://media.docmorris.de/produkte-pzn/04045241/dexeryl-creme-250-g-04045241-default-140-1711137716@2x.webp",
          "px240": "https://media.docmorris.de/produkte-pzn/04045241/dexeryl-creme-250-g-04045241-default-300-1711137716@2x.webp"
        }
      }
    ],
    "price": 10.19,
    "basePrice": "40.76 €/kg",
    "productName": "Dexeryl 250 g",
    "categorization": "",
    "code": "04045241",
    "companyName": "PIERRE FABRE DERMO KOSMETIK GmbH",
    "descriptionAsHtml": "",
    "pharmaceuticalForm": "Creme",
    "quantity": "250 g",
    "inStock": true
  },
  {
    "mediaGroupImages": [
      {
        "type": "default",
        "media": {
          "px140": "https://media.docmorris.de/produkte-pzn/14143097/probio-cult-pur-15-syxyl-kapseln-60-st-14143097-default-140-1662680129@2x.webp",
          "px300": "https://media.docmorris.de/produkte-pzn/14143097/probio-cult-pur-15-syxyl-kapseln-60-st-14143097-default-300-1662680129@2x.webp",
          "px1000": "https://media.docmorris.de/produkte-pzn/14143097/probio-cult-pur-15-syxyl-kapseln-60-st-14143097-default-1000-1662680129@2x.webp",
          "px120": "https://media.docmorris.de/produkte-pzn/14143097/probio-cult-pur-15-syxyl-kapseln-60-st-14143097-default-140-1662680129@2x.webp",
          "px240": "https://media.docmorris.de/produkte-pzn/14143097/probio-cult-pur-15-syxyl-kapseln-60-st-14143097-default-300-1662680129@2x.webp"
        }
      }
    ],
    "price": 31.99,
    "basePrice": "0.53 €/St",
    "productName": "Probio-cult Pur 15 Syxyl 60 St",
    "categorization": "",
    "code": "14143097",
    "companyName": "MCM KLOSTERFRAU Vertr. GmbH",
    "descriptionAsHtml": "Ihrem Körper bieten Sie mit nährstoffreichen Lebensmitteln die beste Grundlage. Gerade bei hochwertiger Nahrung wäre es natürlich schade  wenn sie nicht optimal verwertet würde - und dazu braucht es eine leistungsfähige Darmflora. Es lohnt sich also Ihren Darm zu pflegen - nicht erst  wenn er Probleme macht!  <br><br>  ProBio-Cult Pur 15 - Darmflora-Optimierung für jeden Tag. ProBio-Cult Pur 15 ist das Synbiotikum in reiner Bio-Qualität. Die für SYXYL exklusiv in Deutschland fermentierten Bakterienkulturen ergänzen und verstärken einander in ihrer Aktivität. Die Kapseln haben eine zeitverzögerte Freisetzung  sodass die Kulturen gezielt den Darm erreichen und dort ihre volle Aktivität entfalten. So kann man die positiven Effekte einer gesunden Ernährung effektiv stützen.  Bewusst ohne Zusatz von Mikronähr- und Farbstoffen wie z.B. Titandioxid.  <br> <br>  ProBio-Cult Pur 15 ist lactosefrei  gelatinefrei  glutenfrei  hefefrei  vegan  konservierungsstofffrei lt Gesetz  titandioxidfrei",
    "pharmaceuticalForm": "Kapseln",
    "quantity": "60 St",
    "inStock": true
  }
]
